1788 2833
788 174 904 237 (15)

147 255 213 317 de
244 251 567 307 serre‘coatsti
598 249 744 305 sunt.
777 249 1040 305 Etrevera
1059 285 1075 310 ‚
1106 265 1165 303 ut
1185 246 1542 322 pretiosissimo

147 331 344 385 Christi
397 327 641 399 sanguine
688 327 982 403 redemptas
1027 329 1224 383 animas
1275 325 1544 382 lucriface-

145 425 259 469 ret,
297 406 555 478 suumque
591 406 936 462 ministerium
965 405 1242 480 impleret,
1278 427 1377 460 non
1412 408 1546 479 hye-

145 485 305 542 males
340 485 601 541 montium
645 484 1040 557 asperrimorum
1072 483 1323 540 altiffimae
1357 486 1507 539 nives
1527 518 1544 543 ‚

145 585 246 618 non
280 566 542 618 intentatae
582 562 648 618 ab
681 563 951 618 Haereticis
988 562 1140 617 minat
1162 604 1180 625 ‚
1210 584 1313 617 non
1350 562 1544 620 fames,

145 664 245 697 non
274 642 481 696 nuditas
501 678 517 701 ‚
546 663 649 697 non
685 642 788 698 fitis
809 677 826 700 ,
850 661 948 696 non
984 640 1175 710 frigus,
1194 662 1296 695 non
1313 639 1551 714 persecu-

147 721 256 781 tio,
293 740 394 772 non
449 716 654 789 gladius
695 718 952 774 deterrere
1005 734 1326 791 potuerunt.
1375 716 1548 772 Imbre

147 795 390 851 madidus
424 832 442 857 ,
474 793 659 851 sudore
706 794 978 871 perfusus,
1024 796 1229 850 viribus
1273 796 1551 851 destitutus

147 891 392 929 montana
450 874 700 945 quaelibet
755 874 915 928 ardua
961 873 1340 930 conscendebat
1376 910 1394 935 ·‚
1437 872 1552 926 loca

147 953 323 1006 omnia
359 952 610 1014 nivibus,
654 988 671 1013 ‚
715 955 764 1007 ὃ(
800 951 967 1023 glacie
1004 953 1346 1024 quantumvis
1389 949 1553 1006 obfita

145 1029 490 1104 penetrabat,
535 1034 584 1086 <Sc
639 1030 691 1082 in
737 1029 857 1102 ipsis
887 1030 1266 1083 Haereticorum
1311 1028 1555 1100 Templis

147 1109 441 1162 Catholicae
476 1107 619 1165 Fidei
665 1106 909 1174 dogmata
941 1104 1224 1178 praedicare
1261 1125 1364 1159 non
1409 1124 1556 1160 vere-

147 1185 304 1243 batur
325 1230 338 1243 .

309 1269 449 1315 Inter
479 1261 591 1312 haec
624 1256 753 1313 vero
773 1295 791 1319 ‚
815 1276 874 1315 ut
908 1260 1234 1334 propositum
1266 1259 1360 1314 fibi
1398 1260 1557 1314 finem

150 1336 357 1394 facilius
395 1333 770 1409 assequeretur,
802 1339 852 1392 ὃ(
889 1337 1186 1394 universam
1218 1339 1559 1394 Provinciam

149 1414 456 1474 breviffimo
491 1433 727 1490 tempore
760 1414 825 1468 ab
852 1418 994 1472 omni
1015 1418 1262 1473 haereseos
1291 1418 1406 1473 labe
1435 1434 1560 1491 pur-

152 1512 294 1569 garet
315 1535 332 1558 ‚
363 1496 415 1548 in
441 1516 502 1551 eo
530 1496 869 1568 praecipuam-
888 1515 1101 1570 operam
1134 1498 1359 1552 duxerat
1394 1495 1561 1551 collo-

152 1574 369 1630 candam
390 1611 406 1635 ‚
446 1590 504 1629 ut
538 1573 835 1648 Principes,
869 1576 918 1628 ὃ(
958 1572 1266 1630 nobiliffimi
1301 1575 1561 1647 Regionis

154 1652 295 1708 illius
333 1653 589 1706 Homines
631 1652 696 1705 ad
738 1651 989 1708 saniorem
1034 1670 1265 1708 mentem
1293 1691 1310 1716 ‚
1350 1656 1562 1726 ejuratis

154 1730 412 1787 erroribus
432 1765 450 1789 ,
488 1727 659 1803 primo
680 1746 1080 1793 revocarentur,
1120 1748 1178 1787 ut
1197 1734 1234 1786 ii
1254 1769 1271 1793 ‚
1305 1734 1396 1806 qui
1418 1734 1561 1807 apud

156 1809 439 1863 Haereticos
469 1807 813 1864 Praedicantes
841 1826 1094 1864 vocantur
1112 1847 1132 1872 2
1169 1810 1413 1885 supremo
1442 1812 1563 1867 Edi-

156 1890 240 1944 &o
274 1886 532 1958 Principis
567 1885 632 1940 ab
661 1885 904 1942 universa
940 1888 1140 1943 Rhetia
1167 1890 1381 1945 exulare
1417 1889 1564 1959 jube-

155 1980 363 2019 rentur:
422 1979 481 2017 ut
538 1984 717 2018 omnes
776 1964 857 2017 bis
915 1965 967 2016 in
1020 1966 1354 2020 hebdomada
1399 1963 1564 2021 adesse

159 2040 453 2096 Catholicis
505 2038 869 2111 Dogmatibus
916 2041 1244 2115 explicandis
1272 2079 1289 2104 ‚
1347 2043 1562 2098 audien-

160 2119 343 2192 disque
387 2117 751 2174 Concionibus
800 2137 1110 2190 cogerentur
1141 2164 1156 2176 .
1212 2125 1345 2195 Qae
1388 2123 1565 2175 omnia

161 2219 285 2252 cum
318 2196 411 2271 ipfi
442 2195 666 2251 feliciter
696 2194 1053 2267 contigissent,
1083 2199 1290 2254 stratam
1316 2198 1411 2253 fibi
1440 2219 1567 2272 gau-

161 2276 319 2330 debat
367 2271 719 2332 Sanffiffimus
765 2276 870 2328 Vir
904 2274 1268 2351 ampliffimam
1303 2279 1449 2332 viam
1499 2278 1564 2331 ad

163 2354 438 2411 victoriam
470 2349 748 2409 certissime
770 2351 1188 2426 consequendam
1205 2399 1238 2411 .,
1264 2359 1455 2431 Neque
1477 2354 1563 2430 spe

164 2428 255 2486 sua
282 2433 546 2491 frustratus
576 2432 649 2489 est
667 2457 683 2497 3
730 2429 881 2490 Licet
913 2434 1055 2490 enim
1087 2455 1205 2490 eam
1247 2435 1364 2491 inde
1402 2436 1566 2492 visto-

1462 2524 1564 2552 flam
