1788 2833
794 182 916 252 (1⁷)

157 259 371 317 illorum
443 257 757 314 fimulationi
826 277 1027 315 rnorem
1080 258 1360 331 gerendum
1409 278 1556 336 pota-

156 340 240 396 vit
264 382 276 394 .

264 414 470 470 Postero
500 418 675 488 itaque
703 416 786 471 die
805 453 822 477 ‚
851 436 975 470 cum
1006 418 1056 469 in
1086 417 1266 488 primis
1293 437 1402 472 rem
1433 420 1557 473 Deo

155 492 350 548 sacram
390 491 616 554 fecisset,
653 494 918 567 profectus
958 494 1023 546 ad
1063 493 1342 548 Ecclesiam
1377 498 1429 549 in
1467 501 1558 551 Se-

154 572 234 626 vis
286 572 593 625 concionem
649 572 711 624 ad
764 568 1228 643 frequentiffimum
1282 571 1549 647 Populum

153 648 425 703 habiturus
469 648 765 719 suggestum
795 647 1025 701 ascendit
1054 688 1067 700 .
1115 647 1194 700 Ibi
1233 650 1360 703 vero
1408 668 1557 724 pate-

153 728 301 782 fact-is
337 726 513 780 subito
545 725 777 785 insidiis,
822 741 1030 798 tempus
1066 722 1199 780 illud
1236 727 1429 799 praesen
1458 728 1554 783 effe

151 804 440 874 cognovit,
484 804 627 876 quod
665 803 976 877 prophetico
1015 801 1298 857 illustratus
1348 804 1549 862 lumine

152 898 435 937 venturum
491 879 622 956 saepe
672 881 1019 954 praedixerat,
1059 902 1163 952 quo
1208 880 1411 938 scilicet
1455 883 1548 938 fibi

149 976 296 1020 erat,
339 959 484 1014 illan}
519 960 583 1013 ab
623 960 892 1015 Haereticis
927 957 1125 1013 crudeli
1157 979 1280 1015 nece
1302 996 1320 1020 ‚
1353 960 1552 1015 obeun-

150 1038 279 1092 dum
314 1080 327 1092 .
374 1038 493 1090 Vix
543 1038 680 1091 enim
723 1039 773 1090 in
828 1036 1032 1090 Rostris
1075 1037 1174 1088 fuit
1201 1074 1218 1095 -,
1262 1057 1385 1090 cum
1442 1040 1552 1093 haec

148 1114 309 1170 verba
375 1111 716 1169 certiffimum
779 1112 1103 1166 imminentis
1171 1114 1354 1167 mortis
1414 1116 1552 1168 indi-

146 1192 294 1248 cium
331 1191 405 1246 ibi
440 1191 681 1265 inscripta
720 1189 940 1264 perlegit
969 1209 979 1238 ε
1020 1190 1144 1245 Hod
1169 1196 1195 1243 ἐ
1222 1192 1547 1264 Ρνιεᾶἰεαῶίς,

146 1266 209 1329 &³
239 1291 327 1322 non
359 1271 576 1340 amplias
607 1312 617 1325 .
647 1275 768 1345 Qua
810 1284 983 1322 tamen
1031 1286 1082 1321 re
1109 1269 1279 1322 caeteri
1313 1270 1550 1325 animum

146 1343 528 1419 despondiffent
556 1382 573 1405 ‚
623 1349 673 1401 ὅ(
719 1344 938 1421 periculi
982 1346 1548 1417 magnitudineterriti

145 1442 320 1479 mente
369 1421 739 1486 concidissent,
777 1441 979 1479 tantum
1016 1423 1220 1485 abfuit,
1263 1443 1321 1479 ut
1356 1426 1548 1482 Fidelis

146 1518 604 1563 commoveretur,
652 1504 775 1577 quin
807 1505 964 1558 etiam
1005 1502 1203 1556 coelesti
1250 1503 1550 1558 inflamma-

147 1596 231 1633 tus
265 1581 514 1634 charitate
549 1586 779 1642 erectus,
810 1584 859 1636 ὅ(
881 1579 1216 1634 confirmatus
1237 1582 1341 1636 est.
1382 1582 1550 1636 Divi-

145 1661 207 1711 n&
248 1658 405 1728 igitur
450 1658 649 1713 virtute
695 1660 852 1716 fretus
886 1695 903 1718 ‚
958 1661 1310 1730 majoremque
1365 1677 1547 1734 praeter

145 1735 582 1791 consuetudinem
638 1736 957 1793 alacritatem
1009 1736 1278 1791 ostendens
1310 1776 1326 1800 ,
1379 1737 1547 1812 impa-

146 1813 306 1867 vidus
350 1812 677 1869 Concionem
739 1816 936 1870 sacram
992 1815 1329 1886 aggreditur;
1399 1817 1544 1870 Cum

145 1887 324 1944 subito
372 1905 564 1943 armata
611 1893 889 1949 hominum
932 1892 1311 1946 Haereticorum
1361 1912 1545 1945 manus

143 1966 349 2039 impetu
377 1969 648 2039 repentino
681 1972 732 2024 in
765 1968 1045 2026 Ecclefiam
1086 1970 1333 2041 irrumpit
1353 2003 1370 2027 ι,
1403 1968 1546 2022 altis-

145 2042 298 2100 simos
327 2081 344 2105 ‚
386 2044 689 2118 insanosque
733 2047 983 2101 clamores
1029 2045 1202 2105 tollit,
1244 2046 1544 2119 ingentique

143 2125 405 2177 concitato
452 2124 687 2179 tumultu
741 2125 1026 2178 adstantem
1073 2122 1339 2196 Populum
1379 2123 1544 2177 incre-

143 2200 296 2254 dibili
342 2217 530 2256 terrore
557 2237 574 2261 ‚
618 2204 668 2256 ὃς
711 2200 1006 2257 confufione
1041 2199 1348 2272 perturbat:
1398 2199 1543 2276 Qin

145 2278 305 2333 etiam
346 2278 593 2334 audacior
632 2280 848 2349 quidam
882 2281 930 2333 6<
979 2277 1290 2334 furibundus
1319 2316 1336 2341 ‚
1379 2279 1542 2350 ignito

139 2355 361 2425 globulo
408 2373 587 2411 contra
624 2357 857 2412 Fidelem
900 2354 1117 2429 exploso
1144 2392 1161 2417 ‚
1206 2356 1453 2412 eumdem
1490 2357 1541 2409 in

140 2432 262 2506 >ipso
293 2435 532 2508 suggesto
569 2435 798 2507 trajicere
836 2449 1051 2491 conatus
1088 2434 1188 2490 est.
1235 2436 1380 2490 Cum
1403 2431 1544 2548 -vero-

912 2513 948 2554 C
1460 2525 1544 2568 go-
