<?xml version="1.0" encoding="UTF-8"?>
<!DOCTYPE html PUBLIC "-//W3C//DTD XHTML 1.0 Transitional//EN"
    "http://www.w3.org/TR/xhtml1/DTD/xhtml1-transitional.dtd">
<html xmlns="http://www.w3.org/1999/xhtml" xml:lang="en" lang="en">
 <head>
  <title>
</title>
<meta http-equiv="Content-Type" content="text/html;charset=utf-8" />
  <meta name='ocr-system' content='tesseract 3.04.00' />
  <meta name='ocr-capabilities' content='ocr_page ocr_carea ocr_par ocr_line ocrx_word'/>
</head>
<body>
  <div class='ocr_page' id='page_1' title='image "./compendiumvitaev00roma_0013.png"; bbox 0 0 1788 2833; ppageno 0'>
   <div class='ocr_carea' id='block_1_1' title="bbox 149 173 1563 2416">
    <p class='ocr_par' dir='ltr' id='par_1_1' title="bbox 799 173 1069 242">
     <span class='ocr_line' id='line_1_1' title="bbox 799 173 1069 242; baseline -0.015 -16"><span class='ocrx_word' id='word_1_1' title='bbox 799 173 918 242; x_wconf 83' lang='lat'>(11)</span> <span class='ocrx_word' id='word_1_2' title='bbox 1067 220 1069 222; x_wconf 80' lang='grc'>,</span> 
     </span>
    </p>

    <p class='ocr_par' dir='ltr' id='par_1_2' title="bbox 150 247 1563 853">
     <span class='ocr_line' id='line_1_2' title="bbox 155 247 1560 322; baseline 0 -16"><span class='ocrx_word' id='word_1_3' title='bbox 155 257 423 308; x_wconf 57' lang='lat' dir='ltr'>maneret}</span> <span class='ocrx_word' id='word_1_4' title='bbox 474 247 637 305; x_wconf 72' lang='lat' dir='ltr'>Porro</span> <span class='ocrx_word' id='word_1_5' title='bbox 678 248 930 321; x_wconf 84' lang='lat' dir='ltr'>qualem,</span> <span class='ocrx_word' id='word_1_6' title='bbox 975 267 1036 303; x_wconf 80' lang='lat' dir='ltr'>ac</span> <span class='ocrx_word' id='word_1_7' title='bbox 1079 263 1336 322; x_wconf 82' lang='lat' dir='ltr'>quantum</span> <span class='ocrx_word' id='word_1_8' title='bbox 1381 248 1560 306; x_wconf 78' lang='lat' dir='ltr'>suavi-</span> 
     </span>
     <span class='ocr_line' id='line_1_3' title="bbox 155 325 1561 385; baseline -0.001 0"><span class='ocrx_word' id='word_1_9' title='bbox 155 330 277 385; x_wconf 82' lang='lat' dir='ltr'>tatis</span> <span class='ocrx_word' id='word_1_10' title='bbox 329 328 544 384; x_wconf 90' lang='lat' dir='ltr'>odorem</span> <span class='ocrx_word' id='word_1_11' title='bbox 590 325 782 381; x_wconf 85' lang='lat' dir='ltr'><strong>Fidelis</strong></span> <span class='ocrx_word' id='word_1_12' title='bbox 836 327 1089 381; x_wconf 85' lang='lat' dir='ltr'>orationes</span> <span class='ocrx_word' id='word_1_13' title='bbox 1133 328 1429 383; x_wconf 84' lang='lat' dir='ltr'><strong>emitterent</strong></span> <span class='ocrx_word' id='word_1_14' title='bbox 1473 348 1561 383; x_wconf 87' lang='lat' dir='ltr'>co-</span> 
     </span>
     <span class='ocr_line' id='line_1_4' title="bbox 154 402 1555 481; baseline -0.002 -18"><span class='ocrx_word' id='word_1_15' title='bbox 154 428 268 464; x_wconf 82' lang='lat' dir='ltr'>ram</span> <span class='ocrx_word' id='word_1_16' title='bbox 316 407 594 466; x_wconf 84' lang='lat' dir='ltr'>Domino,</span> <span class='ocrx_word' id='word_1_17' title='bbox 640 426 710 460; x_wconf 80' lang='lat' dir='ltr'>ex</span> <span class='ocrx_word' id='word_1_18' title='bbox 761 426 824 460; x_wconf 89' lang='lat' dir='ltr'>eo</span> <span class='ocrx_word' id='word_1_19' title='bbox 870 402 1024 459; x_wconf 75' lang='lat' dir='ltr'>facile</span> <span class='ocrx_word' id='word_1_20' title='bbox 1073 405 1308 478; x_wconf 80' lang='lat' dir='ltr'>dignosci</span> <span class='ocrx_word' id='word_1_21' title='bbox 1353 409 1555 481; x_wconf 85' lang='lat' dir='ltr'>potest,</span> 
     </span>
     <span class='ocr_line' id='line_1_5' title="bbox 155 480 1560 560; baseline 0 -21"><span class='ocrx_word' id='word_1_22' title='bbox 155 485 335 560; x_wconf 77' lang='lat' dir='ltr'>quod,</span> <span class='ocrx_word' id='word_1_23' title='bbox 375 485 481 540; x_wconf 91' lang='lat' dir='ltr'>duo</span> <span class='ocrx_word' id='word_1_24' title='bbox 514 482 695 538; x_wconf 89' lang='lat' dir='ltr'>solitus</span> <span class='ocrx_word' id='word_1_25' title='bbox 724 503 848 538; x_wconf 88' lang='lat' dir='ltr'>cum</span> <span class='ocrx_word' id='word_1_26' title='bbox 883 480 1054 538; x_wconf 87' lang='lat' dir='ltr'>fuisset</span> <span class='ocrx_word' id='word_1_27' title='bbox 1082 483 1148 538; x_wconf 76' lang='lat' dir='ltr'>ab</span> <span class='ocrx_word' id='word_1_28' title='bbox 1176 482 1362 539; x_wconf 87' lang='lat' dir='ltr'>eodem</span> <span class='ocrx_word' id='word_1_29' title='bbox 1389 485 1560 552; x_wconf 81' lang='lat' dir='ltr'>enixis</span> 
     </span>
     <span class='ocr_line' id='line_1_6' title="bbox 153 558 1555 640; baseline -0.001 -23"><span class='ocrx_word' id='word_1_30' title='bbox 153 564 401 640; x_wconf 85' lang='lat' dir='ltr'>precibus</span> <span class='ocrx_word' id='word_1_31' title='bbox 431 561 727 637; x_wconf 78' lang='lat' dir='ltr'>postulare,</span> <span class='ocrx_word' id='word_1_32' title='bbox 765 558 1002 621; x_wconf 69' lang='lat' dir='ltr'>scilicet,</span> <span class='ocrx_word' id='word_1_33' title='bbox 1032 579 1094 616; x_wconf 89' lang='lat' dir='ltr'>ut</span> <span class='ocrx_word' id='word_1_34' title='bbox 1123 562 1292 616; x_wconf 82' lang='lat' dir='ltr'>vitam</span> <span class='ocrx_word' id='word_1_35' title='bbox 1320 562 1386 617; x_wconf 85' lang='lat' dir='ltr'>ab</span> <span class='ocrx_word' id='word_1_36' title='bbox 1414 563 1555 617; x_wconf 87' lang='lat' dir='ltr'>omni</span> 
     </span>
     <span class='ocr_line' id='line_1_7' title="bbox 153 638 1555 716; baseline -0.001 -20"><span class='ocrx_word' id='word_1_37' title='bbox 153 660 373 716; x_wconf 79' lang='lat' dir='ltr'>peccato</span> <span class='ocrx_word' id='word_1_38' title='bbox 426 643 718 696; x_wconf 87' lang='lat' dir='ltr'>immunem</span> <span class='ocrx_word' id='word_1_39' title='bbox 767 638 1100 701; x_wconf 77' lang='lat' dir='ltr'>traduceret,</span> <span class='ocrx_word' id='word_1_40' title='bbox 1143 638 1412 712; x_wconf 89' lang='lat' dir='ltr'>fidemque</span> <span class='ocrx_word' id='word_1_41' title='bbox 1461 640 1555 694; x_wconf 85' lang='lat' dir='ltr'>suo</span> 
     </span>
     <span class='ocr_line' id='line_1_8' title="bbox 154 715 1563 791; baseline -0.001 -17"><span class='ocrx_word' id='word_1_42' title='bbox 154 721 401 791; x_wconf 83' lang='lat' dir='ltr'>sanguine</span> <span class='ocrx_word' id='word_1_43' title='bbox 451 716 818 779; x_wconf 84' lang='lat' dir='ltr'>confirmaret,</span> <span class='ocrx_word' id='word_1_44' title='bbox 863 715 1137 788; x_wconf 84' lang='lat' dir='ltr'>utriusque</span> <span class='ocrx_word' id='word_1_45' title='bbox 1180 718 1292 771; x_wconf 89' lang='lat' dir='ltr'>voti</span> <span class='ocrx_word' id='word_1_46' title='bbox 1342 736 1563 791; x_wconf 75' lang='lat' dir='ltr'>compos</span> 
     </span>
     <span class='ocr_line' id='line_1_9' title="bbox 150 795 516 853; baseline 0 -1"><span class='ocrx_word' id='word_1_47' title='bbox 150 795 370 853; x_wconf 66' lang='lat' dir='ltr'>effestus</span> <span class='ocrx_word' id='word_1_48' title='bbox 410 797 516 852; x_wconf 88' lang='lat' dir='ltr'>est.</span> 
     </span>
    </p>

    <p class='ocr_par' dir='ltr' id='par_1_3' title="bbox 149 869 1557 2416">
     <span class='ocr_line' id='line_1_10' title="bbox 312 869 1554 946; baseline -0.002 -15"><span class='ocrx_word' id='word_1_49' title='bbox 312 878 503 946; x_wconf 86' lang='lat' dir='ltr'>Neque</span> <span class='ocrx_word' id='word_1_50' title='bbox 554 869 680 928; x_wconf 75' lang='lat' dir='ltr'>vero</span> <span class='ocrx_word' id='word_1_51' title='bbox 731 873 783 926; x_wconf 89' lang='lat' dir='ltr'>in</span> <span class='ocrx_word' id='word_1_52' title='bbox 838 873 937 926; x_wconf 86' lang='lat' dir='ltr'>hac</span> <span class='ocrx_word' id='word_1_53' title='bbox 989 871 1250 927; x_wconf 79' lang='lat' dir='ltr'>claustrali</span> <span class='ocrx_word' id='word_1_54' title='bbox 1295 872 1505 928; x_wconf 61' lang='lat' dir='ltr'>tantum</span> <span class='ocrx_word' id='word_1_55' title='bbox 1535 912 1554 936; x_wconf 90' lang='lat'><strong>‚</strong></span> 
     </span>
     <span class='ocr_line' id='line_1_11' title="bbox 152 950 1557 1025; baseline 0 -18"><span class='ocrx_word' id='word_1_56' title='bbox 152 969 312 1025; x_wconf 85' lang='lat' dir='ltr'>atque</span> <span class='ocrx_word' id='word_1_57' title='bbox 357 952 644 1008; x_wconf 79' lang='lat' dir='ltr'>domestica</span> <span class='ocrx_word' id='word_1_58' title='bbox 691 950 910 1005; x_wconf 85' lang='lat' dir='ltr'>vivendi</span> <span class='ocrx_word' id='word_1_59' title='bbox 962 951 1200 1013; x_wconf 83' lang='lat' dir='ltr'>ratione,</span> <span class='ocrx_word' id='word_1_60' title='bbox 1245 971 1405 1024; x_wconf 82' lang='lat' dir='ltr'>quam</span> <span class='ocrx_word' id='word_1_61' title='bbox 1454 973 1557 1007; x_wconf 88' lang='lat' dir='ltr'>non</span> 
     </span>
     <span class='ocr_line' id='line_1_12' title="bbox 153 1028 1554 1105; baseline -0.001 -20"><span class='ocrx_word' id='word_1_62' title='bbox 153 1032 442 1105; x_wconf 87' lang='lat' dir='ltr'>interrupto</span> <span class='ocrx_word' id='word_1_63' title='bbox 476 1029 733 1084; x_wconf 84' lang='lat' dir='ltr'>exercitio</span> <span class='ocrx_word' id='word_1_64' title='bbox 763 1029 1026 1083; x_wconf 87' lang='lat' dir='ltr'>virtutum</span> <span class='ocrx_word' id='word_1_65' title='bbox 1058 1028 1222 1100; x_wconf 88' lang='lat' dir='ltr'>usque</span> <span class='ocrx_word' id='word_1_66' title='bbox 1252 1031 1315 1083; x_wconf 80' lang='lat' dir='ltr'>ad</span> <span class='ocrx_word' id='word_1_67' title='bbox 1345 1030 1554 1084; x_wconf 83' lang='lat' dir='ltr'>exitum</span> 
     </span>
     <span class='ocr_line' id='line_1_13' title="bbox 151 1104 1551 1182; baseline -0.003 -18"><span class='ocrx_word' id='word_1_68' title='bbox 151 1111 276 1164; x_wconf 81' lang='lat' dir='ltr'>vitae</span> <span class='ocrx_word' id='word_1_69' title='bbox 335 1110 409 1163; x_wconf 87' lang='lat' dir='ltr'>est</span> <span class='ocrx_word' id='word_1_70' title='bbox 466 1106 812 1182; x_wconf 79' lang='lat' dir='ltr'>prosecutUS,</span> <span class='ocrx_word' id='word_1_71' title='bbox 864 1104 1110 1160; x_wconf 83' lang='lat' dir='ltr'>ultimam</span> <span class='ocrx_word' id='word_1_72' title='bbox 1170 1107 1503 1177; x_wconf 61' lang='lat' dir='ltr'>perfeetionis</span> <span class='ocrx_word' id='word_1_73' title='bbox 1535 1146 1551 1169; x_wconf 89' lang='lat'>‚</span> 
     </span>
     <span class='ocr_line' id='line_1_14' title="bbox 153 1180 1557 1259; baseline -0.001 -19"><span class='ocrx_word' id='word_1_74' title='bbox 153 1205 310 1259; x_wconf 85' lang='lat' dir='ltr'>atque</span> <span class='ocrx_word' id='word_1_75' title='bbox 340 1186 553 1241; x_wconf 87' lang='lat' dir='ltr'>virtutis</span> <span class='ocrx_word' id='word_1_76' title='bbox 582 1182 684 1242; x_wconf 80' lang='lat' dir='ltr'>suae</span> <span class='ocrx_word' id='word_1_77' title='bbox 710 1198 905 1235; x_wconf 81' lang='lat' dir='ltr'>metam</span> <span class='ocrx_word' id='word_1_78' title='bbox 937 1182 1084 1237; x_wconf 81' lang='lat' dir='ltr'>sitam</span> <span class='ocrx_word' id='word_1_79' title='bbox 1113 1180 1210 1238; x_wconf 81' lang='lat' dir='ltr'>effe</span> <span class='ocrx_word' id='word_1_80' title='bbox 1239 1184 1431 1238; x_wconf 78' lang='lat' dir='ltr'>Fidelis</span> <span class='ocrx_word' id='word_1_81' title='bbox 1464 1206 1557 1239; x_wconf 85' lang='lat' dir='ltr'>vo-</span> 
     </span>
     <span class='ocr_line' id='line_1_15' title="bbox 153 1260 1553 1335; baseline -0.002 -17"><span class='ocrx_word' id='word_1_82' title='bbox 153 1265 287 1325; x_wconf 82' lang='lat' dir='ltr'>luit3</span> <span class='ocrx_word' id='word_1_83' title='bbox 315 1263 404 1317; x_wconf 89' lang='lat' dir='ltr'>sed</span> <span class='ocrx_word' id='word_1_84' title='bbox 434 1263 578 1335; x_wconf 90' lang='lat' dir='ltr'>quod</span> <span class='ocrx_word' id='word_1_85' title='bbox 615 1261 779 1333; x_wconf 82' lang='lat' dir='ltr'>magis</span> <span class='ocrx_word' id='word_1_86' title='bbox 809 1260 1109 1316; x_wconf 80' lang='lat' dir='ltr'>mirandum</span> <span class='ocrx_word' id='word_1_87' title='bbox 1131 1262 1203 1314; x_wconf 91' lang='lat' dir='ltr'>est</span> <span class='ocrx_word' id='word_1_88' title='bbox 1226 1296 1244 1320; x_wconf 81' lang='lat'>‚</span> <span class='ocrx_word' id='word_1_89' title='bbox 1282 1281 1398 1316; x_wconf 82' lang='lat' dir='ltr'>eam</span> <span class='ocrx_word' id='word_1_90' title='bbox 1430 1282 1553 1317; x_wconf 86' lang='lat' dir='ltr'>cum</span> 
     </span>
     <span class='ocr_line' id='line_1_16' title="bbox 151 1338 1557 1412; baseline -0.002 -17"><span class='ocrx_word' id='word_1_91' title='bbox 151 1340 448 1396; x_wconf 83' lang='lat' dir='ltr'>admirabili</span> <span class='ocrx_word' id='word_1_92' title='bbox 480 1339 707 1412; x_wconf 76' lang='lat' dir='ltr'>quadam</span> <span class='ocrx_word' id='word_1_93' title='bbox 739 1338 1106 1412; x_wconf 79' lang='lat' dir='ltr'>proximorum</span> <span class='ocrx_word' id='word_1_94' title='bbox 1151 1341 1402 1394; x_wconf 82' lang='lat' dir='ltr'>charitate</span> <span class='ocrx_word' id='word_1_95' title='bbox 1432 1360 1557 1394; x_wconf 82' lang='lat' dir='ltr'>con-</span> 
     </span>
     <span class='ocr_line' id='line_1_17' title="bbox 149 1416 1553 1494; baseline -0.002 -22"><span class='ocrx_word' id='word_1_96' title='bbox 149 1419 356 1494; x_wconf 79' lang='lat' dir='ltr'>junxit.</span> <span class='ocrx_word' id='word_1_97' title='bbox 424 1423 715 1490; x_wconf 81' lang='lat' dir='ltr'>Nunquam</span> <span class='ocrx_word' id='word_1_98' title='bbox 770 1416 929 1488; x_wconf 79' lang='lat' dir='ltr'>igitur</span> <span class='ocrx_word' id='word_1_99' title='bbox 990 1417 1153 1488; x_wconf 72' lang='lat' dir='ltr'>magis</span> <span class='ocrx_word' id='word_1_100' title='bbox 1211 1417 1448 1473; x_wconf 75' lang='lat' dir='ltr'>exultare</span> <span class='ocrx_word' id='word_1_101' title='bbox 1504 1419 1553 1470; x_wconf 89' lang='lat' dir='ltr'>in</span> 
     </span>
     <span class='ocr_line' id='line_1_18' title="bbox 153 1491 1554 1567; baseline -0.004 -13"><span class='ocrx_word' id='word_1_102' title='bbox 153 1498 396 1554; x_wconf 88' lang='lat' dir='ltr'>Domino</span> <span class='ocrx_word' id='word_1_103' title='bbox 434 1497 751 1555; x_wconf 78' lang='lat' dir='ltr'>videbatur,</span> <span class='ocrx_word' id='word_1_104' title='bbox 804 1491 967 1566; x_wconf 65' lang='lat' dir='ltr'>qualm</span> <span class='ocrx_word' id='word_1_105' title='bbox 1018 1515 1143 1550; x_wconf 87' lang='lat' dir='ltr'>cum</span> <span class='ocrx_word' id='word_1_106' title='bbox 1188 1512 1403 1567; x_wconf 59' lang='lat' dir='ltr'>aegrotos</span> <span class='ocrx_word' id='word_1_107' title='bbox 1442 1496 1554 1549; x_wconf 89' lang='lat' dir='ltr'>ino·</span> 
     </span>
     <span class='ocr_line' id='line_1_19' title="bbox 152 1572 1554 1652; baseline -0.004 -21"><span class='ocrx_word' id='word_1_108' title='bbox 152 1596 243 1652; x_wconf 86' lang='lat' dir='ltr'>pes</span> <span class='ocrx_word' id='word_1_109' title='bbox 300 1575 551 1631; x_wconf 84' lang='lat' dir='ltr'>Homines</span> <span class='ocrx_word' id='word_1_110' title='bbox 604 1573 891 1632; x_wconf 80' lang='lat' dir='ltr'>inviseret,</span> <span class='ocrx_word' id='word_1_111' title='bbox 949 1572 1244 1634; x_wconf 76' lang='lat' dir='ltr'>solaretur,</span> <span class='ocrx_word' id='word_1_112' title='bbox 1309 1573 1554 1635; x_wconf 77' lang='lat' dir='ltr'>blandis,</span> 
     </span>
     <span class='ocr_line' id='line_1_20' title="bbox 150 1650 1555 1729; baseline -0.002 -22"><span class='ocrx_word' id='word_1_113' title='bbox 150 1653 356 1729; x_wconf 86' lang='lat' dir='ltr'>piisque</span> <span class='ocrx_word' id='word_1_114' title='bbox 393 1650 714 1708; x_wconf 87' lang='lat' dir='ltr'>sermonibus</span> <span class='ocrx_word' id='word_1_115' title='bbox 748 1667 1026 1705; x_wconf 85' lang='lat' dir='ltr'>recrearet:</span> <span class='ocrx_word' id='word_1_116' title='bbox 1078 1651 1300 1707; x_wconf 88' lang='lat' dir='ltr'>detentis</span> <span class='ocrx_word' id='word_1_117' title='bbox 1346 1653 1398 1706; x_wconf 88' lang='lat' dir='ltr'>in</span> <span class='ocrx_word' id='word_1_118' title='bbox 1448 1671 1555 1705; x_wconf 79' lang='lat' dir='ltr'>car·-</span> 
     </span>
     <span class='ocr_line' id='line_1_21' title="bbox 150 1726 1554 1804; baseline -0.003 -18"><span class='ocrx_word' id='word_1_119' title='bbox 150 1752 267 1788; x_wconf 86' lang='lat' dir='ltr'>cere</span> <span class='ocrx_word' id='word_1_120' title='bbox 297 1751 356 1785; x_wconf 78' lang='lat' dir='ltr'>ea</span> <span class='ocrx_word' id='word_1_121' title='bbox 375 1767 394 1791; x_wconf 63' lang='lat' dir='ltr'>a</span> <span class='ocrx_word' id='word_1_122' title='bbox 422 1752 537 1803; x_wconf 79' lang='lat' dir='ltr'>quae</span> <span class='ocrx_word' id='word_1_123' title='bbox 569 1745 799 1804; x_wconf 79' lang='lat' dir='ltr'>poterat,</span> <span class='ocrx_word' id='word_1_124' title='bbox 833 1726 958 1783; x_wconf 69' lang='lat' dir='ltr'>clim</span> <span class='ocrx_word' id='word_1_125' title='bbox 987 1728 1203 1791; x_wconf 79' lang='lat' dir='ltr'>animae,</span> <span class='ocrx_word' id='word_1_126' title='bbox 1226 1727 1342 1784; x_wconf 70' lang='lat' dir='ltr'>tum</span> <span class='ocrx_word' id='word_1_127' title='bbox 1371 1749 1554 1803; x_wconf 82' lang='lat' dir='ltr'>corpo·-</span> 
     </span>
     <span class='ocr_line' id='line_1_22' title="bbox 150 1806 1553 1865; baseline -0.004 0"><span class='ocrx_word' id='word_1_128' title='bbox 150 1812 216 1865; x_wconf 82' lang='lat' dir='ltr'>ris</span> <span class='ocrx_word' id='word_1_129' title='bbox 274 1808 453 1864; x_wconf 81' lang='lat' dir='ltr'>solatia</span> <span class='ocrx_word' id='word_1_130' title='bbox 503 1807 791 1862; x_wconf 85' lang='lat' dir='ltr'>conferret:</span> <span class='ocrx_word' id='word_1_131' title='bbox 845 1806 1079 1863; x_wconf 64' lang='lat' dir='ltr'>collestis</span> <span class='ocrx_word' id='word_1_132' title='bbox 1131 1829 1202 1864; x_wconf 76' lang='lat' dir='ltr'>ex</span> <span class='ocrx_word' id='word_1_133' title='bbox 1264 1808 1553 1863; x_wconf 84' lang='lat' dir='ltr'>Divitibus</span> 
     </span>
     <span class='ocr_line' id='line_1_23' title="bbox 152 1882 1552 1961; baseline -0.002 -18"><span class='ocrx_word' id='word_1_134' title='bbox 152 1885 499 1961; x_wconf 80' lang='lat' dir='ltr'>eleemosynis</span> <span class='ocrx_word' id='word_1_135' title='bbox 556 1886 776 1940; x_wconf 82' lang='lat' dir='ltr'>aliorum</span> <span class='ocrx_word' id='word_1_136' title='bbox 840 1886 1073 1960; x_wconf 83' lang='lat' dir='ltr'>inopiam</span> <span class='ocrx_word' id='word_1_137' title='bbox 1141 1887 1379 1940; x_wconf 86' lang='lat' dir='ltr'>omnium</span> <span class='ocrx_word' id='word_1_138' title='bbox 1436 1882 1552 1959; x_wconf 25' lang='lat' dir='ltr'>&#39;ipse</span> 
     </span>
     <span class='ocr_line' id='line_1_24' title="bbox 151 1961 1553 2041; baseline -0.004 -21"><span class='ocrx_word' id='word_1_139' title='bbox 151 1965 515 2041; x_wconf 84' lang='lat' dir='ltr'>pauperrimus</span> <span class='ocrx_word' id='word_1_140' title='bbox 553 1963 884 2018; x_wconf 82' lang='lat' dir='ltr'>sublevaret:</span> <span class='ocrx_word' id='word_1_141' title='bbox 953 1961 1298 2023; x_wconf 68' lang='lat' dir='ltr'>Viduam-um,</span> <span class='ocrx_word' id='word_1_142' title='bbox 1351 1965 1399 2016; x_wconf 70' lang='grc' dir='ltr'>ἅ·</span> <span class='ocrx_word' id='word_1_143' title='bbox 1445 1963 1553 2014; x_wconf 80' lang='lat' dir='ltr'>Pu.-</span> 
     </span>
     <span class='ocr_line' id='line_1_25' title="bbox 152 2038 1552 2119; baseline -0.003 -22"><span class='ocrx_word' id='word_1_144' title='bbox 152 2043 406 2119; x_wconf 87' lang='lat' dir='ltr'>pillorum</span> <span class='ocrx_word' id='word_1_145' title='bbox 454 2039 630 2096; x_wconf 83' lang='lat' dir='ltr'>causas</span> <span class='ocrx_word' id='word_1_146' title='bbox 690 2041 831 2112; x_wconf 87' lang='lat' dir='ltr'>apud</span> <span class='ocrx_word' id='word_1_147' title='bbox 887 2038 1021 2112; x_wconf 86' lang='lat' dir='ltr'>ipsos</span> <span class='ocrx_word' id='word_1_148' title='bbox 1077 2040 1237 2093; x_wconf 83' lang='lat' dir='ltr'>etiam</span> <span class='ocrx_word' id='word_1_149' title='bbox 1286 2039 1552 2112; x_wconf 84' lang='lat' dir='ltr'>Principes</span> 
     </span>
     <span class='ocr_line' id='line_1_26' title="bbox 154 2115 1553 2197; baseline -0.005 -21"><span class='ocrx_word' id='word_1_150' title='bbox 154 2137 520 2197; x_wconf 86' lang='lat' dir='ltr'>promoveret.</span> <span class='ocrx_word' id='word_1_151' title='bbox 569 2117 871 2172; x_wconf 82' lang='lat' dir='ltr'>Austriacas</span> <span class='ocrx_word' id='word_1_152' title='bbox 913 2117 1111 2190; x_wconf 79' lang='lat' dir='ltr'>Copias</span> <span class='ocrx_word' id='word_1_153' title='bbox 1154 2116 1396 2190; x_wconf 88' lang='lat' dir='ltr'>pestilens</span> <span class='ocrx_word' id='word_1_154' title='bbox 1435 2115 1553 2190; x_wconf 83' lang='lat' dir='ltr'>qui-</span> 
     </span>
     <span class='ocr_line' id='line_1_27' title="bbox 155 2193 1551 2271; baseline -0.004 -18"><span class='ocrx_word' id='word_1_155' title='bbox 155 2200 315 2260; x_wconf 76' lang='lat' dir='ltr'>dam,</span> <span class='ocrx_word' id='word_1_156' title='bbox 374 2194 779 2271; x_wconf 80' lang='lat' dir='ltr'>graveolensque</span> <span class='ocrx_word' id='word_1_157' title='bbox 829 2194 1044 2250; x_wconf 87' lang='lat' dir='ltr'>morbus</span> <span class='ocrx_word' id='word_1_158' title='bbox 1101 2193 1392 2257; x_wconf 78' lang='lat' dir='ltr'>invaserat,</span> <span class='ocrx_word' id='word_1_159' title='bbox 1447 2215 1551 2267; x_wconf 92' lang='lat' dir='ltr'>quo</span> 
     </span>
     <span class='ocr_line' id='line_1_28' title="bbox 157 2272 1554 2352; baseline -0.005 -20"><span class='ocrx_word' id='word_1_160' title='bbox 157 2278 378 2352; x_wconf 86' lang='lat' dir='ltr'>correpti</span> <span class='ocrx_word' id='word_1_161' title='bbox 414 2273 766 2331; x_wconf 79' lang='lat' dir='ltr'>miserandum</span> <span class='ocrx_word' id='word_1_162' title='bbox 799 2274 851 2326; x_wconf 86' lang='lat' dir='ltr'>in</span> <span class='ocrx_word' id='word_1_163' title='bbox 898 2273 1119 2328; x_wconf 84' lang='lat' dir='ltr'>modum</span> <span class='ocrx_word' id='word_1_164' title='bbox 1154 2273 1361 2328; x_wconf 85' lang='lat' dir='ltr'>Milites</span> <span class='ocrx_word' id='word_1_165' title='bbox 1400 2272 1554 2346; x_wconf 82' lang='lat' dir='ltr'>squa-</span> 
     </span>
     <span class='ocr_line' id='line_1_29' title="bbox 152 2351 1552 2416; baseline -0.005 -6"><span class='ocrx_word' id='word_1_166' title='bbox 152 2356 263 2412; x_wconf 85' lang='lat' dir='ltr'>lore</span> <span class='ocrx_word' id='word_1_167' title='bbox 296 2355 555 2416; x_wconf 67' lang='lat' dir='ltr'>cmfesti,</span> <span class='ocrx_word' id='word_1_168' title='bbox 594 2352 796 2408; x_wconf 84' lang='lat' dir='ltr'>viribus</span> <span class='ocrx_word' id='word_1_169' title='bbox 832 2351 1123 2411; x_wconf 81' lang='lat' dir='ltr'>debilitati,</span> <span class='ocrx_word' id='word_1_170' title='bbox 1161 2353 1301 2406; x_wconf 86' lang='lat' dir='ltr'>omni</span> <span class='ocrx_word' id='word_1_171' title='bbox 1339 2352 1552 2406; x_wconf 80' lang='lat' dir='ltr'>destitu-</span> 
     </span>
    </p>
   </div>
   <div class='ocr_carea' id='block_1_2' title="bbox 160 2428 1554 2548">
    <p class='ocr_par' dir='ltr' id='par_1_4' title="bbox 160 2428 1554 2548">
     <span class='ocr_line' id='line_1_30' title="bbox 160 2428 1553 2543; baseline -0.004 -56"><span class='ocrx_word' id='word_1_172' title='bbox 160 2434 201 2487; x_wconf 90' lang='lat' dir='ltr'>ti</span> <span class='ocrx_word' id='word_1_173' title='bbox 231 2436 432 2490; x_wconf 79' lang='lat' dir='ltr'>auxilio</span> <span class='ocrx_word' id='word_1_174' title='bbox 451 2471 468 2496; x_wconf 80' lang='lat'>‚</span> <span class='ocrx_word' id='word_1_175' title='bbox 508 2430 596 2489; x_wconf 84' lang='lat' dir='ltr'>vel</span> <span class='ocrx_word' id='word_1_176' title='bbox 625 2431 674 2485; x_wconf 92' lang='lat' dir='ltr'>in</span> <span class='ocrx_word' id='word_1_177' title='bbox 711 2430 850 2486; x_wconf 79' lang='lat' dir='ltr'>nuda</span> <span class='ocrx_word' id='word_1_178' title='bbox 878 2430 1042 2485; x_wconf 86' lang='lat' dir='ltr'>humo</span> <span class='ocrx_word' id='word_1_179' title='bbox 1061 2467 1078 2492; x_wconf 78' lang='lat'>‚</span> <span class='ocrx_word' id='word_1_180' title='bbox 1111 2428 1197 2484; x_wconf 86' lang='lat' dir='ltr'>vel</span> <span class='ocrx_word' id='word_1_181' title='bbox 1226 2428 1375 2505; x_wconf 84' lang='lat' dir='ltr'>super</span> <span class='ocrx_word' id='word_1_182' title='bbox 1402 2428 1553 2543; x_wconf 67' lang='lat' dir='ltr'>tabili-</span> 
     </span>
     <span class='ocr_line' id='line_1_31' title="bbox 876 2507 1554 2548; baseline -0.009 0"><span class='ocrx_word' id='word_1_183' title='bbox 876 2507 905 2548; x_wconf 87' lang='grc' dir='ltr'>Β</span> <span class='ocrx_word' id='word_1_184' title='bbox 943 2522 965 2548; x_wconf 91' lang='lat'>2</span> <span class='ocrx_word' id='word_1_185' title='bbox 1517 2515 1554 2544; x_wconf 86' lang='lat' dir='ltr'>as</span> 
     </span>
    </p>
   </div>
  </div>
 </body>
</html>
