1788 2833
858 205 978 270 (18)

205 276 454 350 globulus
485 312 502 339 2
543 297 606 333 eo
653 275 901 333 inoffenso
930 314 949 340 ‚
989 294 1167 333 contra
1227 279 1410 336 Sicarii
1443 278 1614 336 ⁷men2

204 372 313 411 tem
346 353 513 411 fuisset
540 353 648 409 ali&
683 355 923 417 delatuS‚
960 357 1150 412 Fidelis
1168 357 1405 431 periculo
1425 394 1445 420 ‚
1473 359 1615 430 quod

206 432 468 490 declinare
517 454 619 488 non
670 449 877 507 poterat
909 471 928 494 ‚
991 435 1359 492 animadverso
1391 471 1410 498 ‚
1476 437 1616 490 invi-

207 514 355 568 &tum
387 511 732 585 sedatumque
763 515 1000 568 animum
1037 533 1215 585 gerens
1261 515 1391 568 inter
1423 513 1618 588 Populi

207 589 483 663 strepitum
518 588 880 663 clamoresque
918 589 1185 647 descendit
1207 629 1225 653 ‚
1261 594 1311 646 8(
1361 609 1478 648 ante
1511 611 1620 645 ma-

204 671 367 738 jorem
404 689 542 723 aram
587 668 730 724 flexo
779 684 1003 741 utroque
1042 690 1178 741 genu
1227 671 1618 742 procumbens,

207 743 488 801 certissime
542 747 829 801 moriturus
877 747 963 805 se,
1006 745 1354 809 Catholic<18‚
1400 747 1621 819 suosque

209 822 457 894 ipsosmet
511 822 681 877 hostes
733 822 1003 878 haereticos
1052 825 1292 879 Domino
1347 844 1621 879 commen-

205 900 361 954 davit
383 943 395 956 .
443 900 672 956 Veritus
698 898 827 955 ver&
858 939 878 964 .,
942 921 1004 955 ue
1037 901 1091 954 in
1129 919 1269 956 tanta
1299 920 1476 957 rerum
1509 919 1621 976 per-

207 976 539 1040 turbatione,
577 996 736 1052 atque
773 977 1011 1038 tumultu
1044 980 1241 1042 multi,
1274 981 1364 1052 qui
1405 1000 1474 1036 ex
1501 982 1622 1034 Cia-

206 1056 419 1110 tholicis
464 1056 710 1118 aderant,
749 1055 829 1112 sui
873 1058 1028 1113 causa
1066 1058 1189 1112 mali
1228 1058 1430 1131 aliquid
1471 1075 1624 1130 pate-

206 1151 384 1189 rentur
417 1170 434 1195 ,
479 1153 571 1205 per
601 1150 870 1207 patentem
914 1154 986 1188 ex
1027 1136 1263 1191 Ecclefiae
1298 1136 1459 1190 latere·
1499 1155 1620 1209 por-³

209 1228 319 1265 tam
351 1208 572 1281 egressus
593 1213 696 1267 est.
735 1212 853 1266 Vix
885 1225 1064 1264 autem
1095 1211 1624 1285 secesserat-aliquan-

209 1288 383 1342 tulum
412 1285 438 1342 ὲ
464 1286 679 1362 Templi
713 1286 950 1348 foribus,
993 1308 1114 1343 com
1151 1291 1321 1346 furore
1350 1307 1585 1345 amentes
1604 1328 1624 1354 ‚

208 1364 578 1420 crudelitatem
613 1366 920 1438 rabiemque
962 1380 1072 1423 toto
1111 1388 1197 1423 ore
1248 1368 1494 1443 spirantes
1532 1390 1623 1424 ne-

209 1444 323 1498 farii
369 1446 586 1516 quidam
641 1443 877 1499 Fidelem
923 1444 1387 1507 circumveniunt,
1419 1446 1629 1502 ensibus

211 1522 514 1594 ferratisque
544 1522 767 1578 fustibus
795 1520 1160 1578 immaniffime
1200 1527 1440 1586 caedunt,
1478 1527 1527 1579 ὃ(
1549 1545 1623 1579 re-

208 1601 386 1675 petitis
429 1597 730 1673 frequenter
772 1601 967 1657 istibus
1006 1601 1208 1657 tamdiu
1248 1603 1622 1662 contundunt,

210 1675 465 1750 quamdiu
500 1678 810 1733 vulneribus
854 1678 1005 1752 supra
1041 1681 1232 1752 viginti
1273 1681 1480 1736 saucius
1531 1679 1623 1736 suo

211 1756 457 1827 sanguine
498 1753 777 1810 foediffime
813 1756 1140 1818 maculatuffi
1188 1759 1357 1813 oculis
1394 1758 1459 1812 ad
1498 1759 1628 1811 Coe-

211 1834 323 1888 lum
344 1870 360 1894 ‚
390 1834 562 1903 quoad
594 1849 832 1905 poterat,
858 1834 1025 1907 paul&
1065 1833 1319 1898 sublatis,
1353 1836 1583 1890 animam
1605 1871 1621 1895 ,

210 1909 590 1985 plaudentibus
630 1913 678 1964 8(
712 1909 1025 1966 mirantibus
1062 1914 1317 1986 Superis,
1351 1913 1624 1968 exhalavit

209 1991 397 2044 ottavo
428 1986 689 2043 Kalendas
737 1990 869 2059 Maji
908 2008 1040 2044 anno
1069 1989 1246 2046 salutis
1287 1992 1470 2045 nostra:
1505 1990 1628 2043 mil-

208 2063 388 2120 lefimo
418 2062 795 2120 sexcentesimo
827 2065 1079 2138 vigesimo
1117 2068 1351 2124 secundo
1382 2114 1393 2125 .
1429 2112 1433 2117 «

366 2140 528 2198 Ροῑτό
588 2160 783 2213 quanta
844 2145 1004 2200 fuerit
1055 2146 1107 2200 in
1164 2147 1404 2203 obeunda
1458 2163 1626 2201 morte-

213 2219 403 2275 Fidelis
461 2219 1027 2292 animimagnitudo,
1068 2225 1162 2297 ipfi
1200 2226 1451 2280 Haeretici
1506 2225 1625 2279 satis

208 2316 399 2353 norunt
433 2335 450 2362 ‚
486 2315 641 2371 atque
689 2300 859 2355 testati
902 2301 1058 2357 sunt.
1122 2304 1268 2357 Cum
1309 2303 1451 2358 enim
1500 2301 1623 2373 qui-

212 2374 332 2427 dam
390 2397 458 2430 ex
513 2376 604 2430 illa
659 2378 979 2434 Sicariorum
1042 2383 1275 2436 cohorte·
1325 2378 1626 2452 gloriabun-

211 2452 310 2505 dus
347 2452 398 2504 in
440 2455 679 2509 omnium
731 2474 877 2513 caetu
920 2475 1189 2520 narraret,
1230 2457 1464 2514 Fidelem
1498 2476 1627 2531 prae-

262 2557 265 2560 ⁴
1543 2532 1630 2573 sen-
