<?xml version="1.0" encoding="UTF-8"?>
<!DOCTYPE html PUBLIC "-//W3C//DTD XHTML 1.0 Transitional//EN"
    "http://www.w3.org/TR/xhtml1/DTD/xhtml1-transitional.dtd">
<html xmlns="http://www.w3.org/1999/xhtml" xml:lang="en" lang="en">
 <head>
  <title>
</title>
<meta http-equiv="Content-Type" content="text/html;charset=utf-8" />
  <meta name='ocr-system' content='tesseract 3.04.00' />
  <meta name='ocr-capabilities' content='ocr_page ocr_carea ocr_par ocr_line ocrx_word'/>
</head>
<body>
  <div class='ocr_page' id='page_1' title='image "./compendiumvitaev00roma_0015.png"; bbox 0 0 1788 2833; ppageno 0'>
   <div class='ocr_carea' id='block_1_1' title="bbox 153 184 1563 2427">
    <p class='ocr_par' dir='ltr' id='par_1_1' title="bbox 154 184 1554 1013">
     <span class='ocr_line' id='line_1_1' title="bbox 796 184 910 247; baseline -0.035 0"><span class='ocrx_word' id='word_1_1' title='bbox 796 186 815 247; x_wconf 71' lang='grc' dir='ltr'><em>ζ</em></span> <span class='ocrx_word' id='word_1_2' title='bbox 829 184 910 244; x_wconf 64' lang='lat'><strong>13)</strong></span> 
     </span>
     <span class='ocr_line' id='line_1_2' title="bbox 156 253 1548 331; baseline -0.004 -18"><span class='ocrx_word' id='word_1_3' title='bbox 156 259 383 313; x_wconf 77' lang='lat' dir='ltr'><strong>Civium</strong></span> <span class='ocrx_word' id='word_1_4' title='bbox 421 260 647 312; x_wconf 81' lang='lat' dir='ltr'><strong>numero</strong></span> <span class='ocrx_word' id='word_1_5' title='bbox 677 254 726 309; x_wconf 91' lang='lat' dir='ltr'><strong>in</strong></span> <span class='ocrx_word' id='word_1_6' title='bbox 761 254 1024 330; x_wconf 72' lang='lat' dir='ltr'><strong>posterum</strong></span> <span class='ocrx_word' id='word_1_7' title='bbox 1062 253 1366 310; x_wconf 76' lang='lat' dir='ltr'><strong>exulare-nt.</strong></span> <span class='ocrx_word' id='word_1_8' title='bbox 1404 258 1548 331; x_wconf 80' lang='lat' dir='ltr'><strong>Qin</strong></span> 
     </span>
     <span class='ocr_line' id='line_1_3' title="bbox 154 332 1551 408; baseline -0.003 -17"><span class='ocrx_word' id='word_1_9' title='bbox 154 337 314 391; x_wconf 85' lang='lat' dir='ltr'><strong>etiam</strong></span> <span class='ocrx_word' id='word_1_10' title='bbox 353 355 475 389; x_wconf 85' lang='lat' dir='ltr'><strong>cum</strong></span> <span class='ocrx_word' id='word_1_11' title='bbox 515 334 689 408; x_wconf 84' lang='lat' dir='ltr'><strong>plures</strong></span> <span class='ocrx_word' id='word_1_12' title='bbox 721 334 1097 390; x_wconf 83' lang='lat' dir='ltr'><strong>Haereticorum</strong></span> <span class='ocrx_word' id='word_1_13' title='bbox 1128 332 1247 387; x_wconf 82' lang='lat' dir='ltr'><strong>libri</strong></span> <span class='ocrx_word' id='word_1_14' title='bbox 1281 355 1371 408; x_wconf 87' lang='lat' dir='ltr'><strong>per</strong></span> <span class='ocrx_word' id='word_1_15' title='bbox 1409 339 1551 389; x_wconf 87' lang='lat' dir='ltr'><strong>Ger-</strong></span> 
     </span>
     <span class='ocr_line' id='line_1_4' title="bbox 155 409 1552 487; baseline -0.001 -21"><span class='ocrx_word' id='word_1_16' title='bbox 155 414 418 471; x_wconf 87' lang='lat' dir='ltr'><strong>maniam,</strong></span> <span class='ocrx_word' id='word_1_17' title='bbox 458 412 764 484; x_wconf 71' lang='lat' dir='ltr'>Italiamque</span> <span class='ocrx_word' id='word_1_18' title='bbox 799 411 975 487; x_wconf 76' lang='lat' dir='ltr'><strong>postea</strong></span> <span class='ocrx_word' id='word_1_19' title='bbox 1012 409 1295 481; x_wconf 72' lang='lat' dir='ltr'>evulgandi</span> <span class='ocrx_word' id='word_1_20' title='bbox 1327 412 1390 466; x_wconf 86' lang='lat' dir='ltr'><strong>ad</strong></span> <span class='ocrx_word' id='word_1_21' title='bbox 1428 414 1552 466; x_wconf 75' lang='lat' dir='ltr'><strong>Vit-</strong></span> 
     </span>
     <span class='ocr_line' id='line_1_5' title="bbox 155 488 1553 564; baseline 0.001 -22"><span class='ocrx_word' id='word_1_22' title='bbox 155 490 516 564; x_wconf 83' lang='lat' dir='ltr'><strong>chyrchienses</strong></span> <span class='ocrx_word' id='word_1_23' title='bbox 550 492 870 545; x_wconf 88' lang='lat' dir='ltr'><strong>Mercatores</strong></span> <span class='ocrx_word' id='word_1_24' title='bbox 908 488 1410 551; x_wconf 77' lang='lat' dir='ltr'><strong>transmitterentur,</strong></span> <span class='ocrx_word' id='word_1_25' title='bbox 1452 512 1553 564; x_wconf 84' lang='lat' dir='ltr'><strong>pu·-</strong></span> 
     </span>
     <span class='ocr_line' id='line_1_6' title="bbox 155 565 1554 641; baseline -0.001 -20"><span class='ocrx_word' id='word_1_26' title='bbox 155 566 401 639; x_wconf 67' lang='lat' dir='ltr'><strong>bliceqtie</strong></span> <span class='ocrx_word' id='word_1_27' title='bbox 430 569 740 641; x_wconf 83' lang='lat' dir='ltr'><strong>prostarent,</strong></span> <span class='ocrx_word' id='word_1_28' title='bbox 773 590 872 622; x_wconf 89' lang='lat' dir='ltr'><strong>non</strong></span> <span class='ocrx_word' id='word_1_29' title='bbox 902 566 1063 621; x_wconf 75' lang='lat' dir='ltr'><strong>modo</strong></span> <span class='ocrx_word' id='word_1_30' title='bbox 1093 565 1340 624; x_wconf 72' lang='lat' dir='ltr'><strong>effectum</strong></span> <span class='ocrx_word' id='word_1_31' title='bbox 1368 569 1441 621; x_wconf 88' lang='lat' dir='ltr'><strong>est</strong></span> <span class='ocrx_word' id='word_1_32' title='bbox 1472 568 1554 622; x_wconf 83' lang='lat' dir='ltr'><strong>Fi-</strong></span> 
     </span>
     <span class='ocr_line' id='line_1_7' title="bbox 154 645 1552 718; baseline 0 -19"><span class='ocrx_word' id='word_1_33' title='bbox 154 647 284 700; x_wconf 86' lang='lat' dir='ltr'><strong>delis</strong></span> <span class='ocrx_word' id='word_1_34' title='bbox 307 649 462 718; x_wconf 66' lang='lat' dir='ltr'><strong>opera</strong></span> <span class='ocrx_word' id='word_1_35' title='bbox 483 685 498 706; x_wconf 91' lang='lat'><strong>,</strong></span> <span class='ocrx_word' id='word_1_36' title='bbox 530 662 588 697; x_wconf 89' lang='lat' dir='ltr'><strong>ut</strong></span> <span class='ocrx_word' id='word_1_37' title='bbox 608 648 707 698; x_wconf 91' lang='lat' dir='ltr'><strong>hoc</strong></span> <span class='ocrx_word' id='word_1_38' title='bbox 729 646 836 698; x_wconf 56' lang='lat' dir='ltr'><strong>illis„</strong></span> <span class='ocrx_word' id='word_1_39' title='bbox 859 645 1046 699; x_wconf 87' lang='lat' dir='ltr'><strong>eodem</strong></span> <span class='ocrx_word' id='word_1_40' title='bbox 1070 649 1285 699; x_wconf 86' lang='lat' dir='ltr'><strong>Senatus</strong></span> <span class='ocrx_word' id='word_1_41' title='bbox 1314 645 1552 699; x_wconf 89' lang='lat' dir='ltr'><strong>consulto</strong></span> 
     </span>
     <span class='ocr_line' id='line_1_8' title="bbox 157 721 1554 795; baseline -0.001 -18"><span class='ocrx_word' id='word_1_42' title='bbox 157 721 360 777; x_wconf 66' lang='lat' dir='ltr'><strong>sortiter</strong></span> <span class='ocrx_word' id='word_1_43' title='bbox 394 722 753 783; x_wconf 75' lang='lat' dir='ltr'><strong>inhiberetur,</strong></span> <span class='ocrx_word' id='word_1_44' title='bbox 803 723 890 777; x_wconf 87' lang='lat' dir='ltr'><strong>sed</strong></span> <span class='ocrx_word' id='word_1_45' title='bbox 929 722 1256 793; x_wconf 85' lang='lat' dir='ltr'><strong>ubicumque</strong></span> <span class='ocrx_word' id='word_1_46' title='bbox 1291 724 1341 774; x_wconf 88' lang='lat' dir='ltr'><strong>in</strong></span> <span class='ocrx_word' id='word_1_47' title='bbox 1374 723 1554 795; x_wconf 80' lang='lat' dir='ltr'><strong>priva-</strong></span> 
     </span>
     <span class='ocr_line' id='line_1_9' title="bbox 156 797 1551 872; baseline 0.001 -18"><span class='ocrx_word' id='word_1_48' title='bbox 156 803 220 855; x_wconf 88' lang='lat' dir='ltr'><strong>tis</strong></span> <span class='ocrx_word' id='word_1_49' title='bbox 271 801 428 854; x_wconf 86' lang='lat' dir='ltr'><strong>etiam</strong></span> <span class='ocrx_word' id='word_1_50' title='bbox 473 800 671 855; x_wconf 63' lang='lat' dir='ltr'><strong>aedibus</strong></span> <span class='ocrx_word' id='word_1_51' title='bbox 721 800 880 854; x_wconf 84' lang='lat' dir='ltr'><strong>libros</strong></span> <span class='ocrx_word' id='word_1_52' title='bbox 930 797 1227 869; x_wconf 75' lang='lat' dir='ltr'><strong>hujusmocli</strong></span> <span class='ocrx_word' id='word_1_53' title='bbox 1272 802 1551 872; x_wconf 79' lang='lat' dir='ltr'><strong>reperiret,</strong></span> 
     </span>
     <span class='ocr_line' id='line_1_10' title="bbox 154 876 1552 951; baseline 0.001 -18"><span class='ocrx_word' id='word_1_54' title='bbox 154 899 241 933; x_wconf 84' lang='lat' dir='ltr'><strong>eos</strong></span> <span class='ocrx_word' id='word_1_55' title='bbox 296 877 516 951; x_wconf 78' lang='lat' dir='ltr'><strong>ipsemet</strong></span> <span class='ocrx_word' id='word_1_56' title='bbox 553 876 654 932; x_wconf 85' lang='lat' dir='ltr'><strong>suis</strong></span> <span class='ocrx_word' id='word_1_57' title='bbox 709 879 948 932; x_wconf 83' lang='lat' dir='ltr'><strong>manibus</strong></span> <span class='ocrx_word' id='word_1_58' title='bbox 1004 876 1223 938; x_wconf 80' lang='lat' dir='ltr'><strong>tollere,</strong></span> <span class='ocrx_word' id='word_1_59' title='bbox 1268 876 1552 950; x_wconf 80' lang='lat' dir='ltr'><strong>secumque</strong></span> 
     </span>
     <span class='ocr_line' id='line_1_11' title="bbox 154 955 937 1013; baseline -0.001 -3"><span class='ocrx_word' id='word_1_60' title='bbox 154 956 414 1011; x_wconf 83' lang='lat' dir='ltr'><strong>abducere</strong></span> <span class='ocrx_word' id='word_1_61' title='bbox 453 977 553 1009; x_wconf 88' lang='lat' dir='ltr'><strong>non</strong></span> <span class='ocrx_word' id='word_1_62' title='bbox 592 955 870 1011; x_wconf 79' lang='lat' dir='ltr'><strong>dubitabat</strong></span> <span class='ocrx_word' id='word_1_63' title='bbox 893 1001 905 1013; x_wconf 88' lang='lat'><strong>.</strong></span> <span class='ocrx_word' id='word_1_64' title='bbox 933 1006 937 1009; x_wconf 89' lang='lat'>.</span> 
     </span>
    </p>

    <p class='ocr_par' dir='ltr' id='par_1_2' title="bbox 153 1033 1563 2427">
     <span class='ocr_line' id='line_1_12' title="bbox 313 1033 1553 1105; baseline 0.003 -21"><span class='ocrx_word' id='word_1_65' title='bbox 313 1033 639 1087; x_wconf 81' lang='lat' dir='ltr'><strong>Voluntariis</strong></span> <span class='ocrx_word' id='word_1_66' title='bbox 675 1033 816 1087; x_wconf 90' lang='lat' dir='ltr'><strong>hisce</strong></span> <span class='ocrx_word' id='word_1_67' title='bbox 837 1072 854 1095; x_wconf 94' lang='lat'><strong>,</strong></span> <span class='ocrx_word' id='word_1_68' title='bbox 891 1033 1352 1105; x_wconf 81' lang='lat' dir='ltr'><strong>frequentibusque</strong></span> <span class='ocrx_word' id='word_1_69' title='bbox 1384 1033 1553 1089; x_wconf 86' lang='lat' dir='ltr'><strong>veluti</strong></span> 
     </span>
     <span class='ocr_line' id='line_1_13' title="bbox 153 1108 1558 1187; baseline 0 -21"><span class='ocrx_word' id='word_1_70' title='bbox 153 1111 341 1187; x_wconf 80' lang='lat' dir='ltr'><strong>pugnis</strong></span> <span class='ocrx_word' id='word_1_71' title='bbox 357 1146 373 1170; x_wconf 89' lang='lat'><strong>,</strong></span> <span class='ocrx_word' id='word_1_72' title='bbox 407 1128 564 1183; x_wconf 85' lang='lat' dir='ltr'><strong>atque</strong></span> <span class='ocrx_word' id='word_1_73' title='bbox 584 1109 920 1164; x_wconf 58' lang='lat' dir='ltr'><strong>conflictibus</strong></span> <span class='ocrx_word' id='word_1_74' title='bbox 941 1108 1220 1162; x_wconf 79' lang='lat' dir='ltr'><strong>exercebat</strong></span> <span class='ocrx_word' id='word_1_75' title='bbox 1240 1110 1343 1164; x_wconf 90' lang='lat' dir='ltr'><strong>sese</strong></span> <span class='ocrx_word' id='word_1_76' title='bbox 1365 1112 1558 1166; x_wconf 81' lang='lat' dir='ltr'><strong>Athle-</strong></span> 
     </span>
     <span class='ocr_line' id='line_1_14' title="bbox 154 1184 1562 1260; baseline -0.001 -16"><span class='ocrx_word' id='word_1_77' title='bbox 154 1198 206 1245; x_wconf 86' lang='lat' dir='ltr'><strong>ta</strong></span> <span class='ocrx_word' id='word_1_78' title='bbox 251 1189 447 1242; x_wconf 86' lang='lat' dir='ltr'><strong>Christi</strong></span> <span class='ocrx_word' id='word_1_79' title='bbox 498 1184 833 1249; x_wconf 75' lang='lat' dir='ltr'><strong>fortiffimus‘,</strong></span> <span class='ocrx_word' id='word_1_80' title='bbox 882 1187 1309 1260; x_wconf 73' lang='lat' dir='ltr'><strong>prazparabatque</strong></span> <span class='ocrx_word' id='word_1_81' title='bbox 1344 1188 1408 1241; x_wconf 89' lang='lat' dir='ltr'><strong>ad</strong></span> <span class='ocrx_word' id='word_1_82' title='bbox 1449 1210 1562 1243; x_wconf 62' lang='lat' dir='ltr'><strong>mam</strong></span> 
     </span>
     <span class='ocr_line' id='line_1_15' title="bbox 155 1265 1556 1340; baseline 0.001 -21"><span class='ocrx_word' id='word_1_83' title='bbox 155 1276 317 1340; x_wconf 81' lang='lat' dir='ltr'><strong>gnum</strong></span> <span class='ocrx_word' id='word_1_84' title='bbox 357 1265 528 1326; x_wconf 87' lang='lat' dir='ltr'><strong>illud,</strong></span> <span class='ocrx_word' id='word_1_85' title='bbox 566 1265 1023 1338; x_wconf 86' lang='lat' dir='ltr'><strong>periculosumque</strong></span> <span class='ocrx_word' id='word_1_86' title='bbox 1067 1281 1365 1326; x_wconf 87' lang='lat' dir='ltr'><strong>certamen,</strong></span> <span class='ocrx_word' id='word_1_87' title='bbox 1412 1267 1556 1338; x_wconf 90' lang='lat' dir='ltr'><strong>quod</strong></span> 
     </span>
     <span class='ocr_line' id='line_1_16' title="bbox 155 1341 1557 1416; baseline -0.001 -15"><span class='ocrx_word' id='word_1_88' title='bbox 155 1360 263 1401; x_wconf 80' lang='lat' dir='ltr'><strong>erat</strong></span> <span class='ocrx_word' id='word_1_89' title='bbox 316 1341 474 1416; x_wconf 79' lang='lat' dir='ltr'><strong>paulo</strong></span> <span class='ocrx_word' id='word_1_90' title='bbox 534 1344 645 1416; x_wconf 87' lang='lat' dir='ltr'><strong>post</strong></span> <span class='ocrx_word' id='word_1_91' title='bbox 700 1363 792 1416; x_wconf 85' lang='lat' dir='ltr'><strong>pro</strong></span> <span class='ocrx_word' id='word_1_92' title='bbox 844 1341 1216 1416; x_wconf 84' lang='lat' dir='ltr'><strong>amplificanda</strong></span> <span class='ocrx_word' id='word_1_93' title='bbox 1274 1343 1557 1415; x_wconf 85' lang='lat' dir='ltr'><strong>Religione</strong></span> 
     </span>
     <span class='ocr_line' id='line_1_17' title="bbox 157 1419 1559 1478; baseline 0.001 -2"><span class='ocrx_word' id='word_1_94' title='bbox 157 1420 441 1476; x_wconf 85' lang='lat' dir='ltr'><strong>Catholica</strong></span> <span class='ocrx_word' id='word_1_95' title='bbox 484 1419 780 1478; x_wconf 85' lang='lat' dir='ltr'><strong>subiturus.</strong></span> <span class='ocrx_word' id='word_1_96' title='bbox 835 1426 961 1478; x_wconf 85' lang='lat' dir='ltr'><strong>Non</strong></span> <span class='ocrx_word' id='word_1_97' title='bbox 1005 1421 1200 1477; x_wconf 86' lang='lat' dir='ltr'><strong>multos</strong></span> <span class='ocrx_word' id='word_1_98' title='bbox 1240 1438 1355 1476; x_wconf 90' lang='lat' dir='ltr'><strong>ante</strong></span> <span class='ocrx_word' id='word_1_99' title='bbox 1400 1443 1559 1478; x_wconf 85' lang='lat' dir='ltr'><strong>annos</strong></span> 
     </span>
     <span class='ocr_line' id='line_1_18' title="bbox 162 1499 1560 1575; baseline 0.002 -22"><span class='ocrx_word' id='word_1_100' title='bbox 162 1501 343 1554; x_wconf 68' lang='lat' dir='ltr'><strong>Rhazti</strong></span> <span class='ocrx_word' id='word_1_101' title='bbox 361 1536 376 1559; x_wconf 88' lang='lat'><strong>,</strong></span> <span class='ocrx_word' id='word_1_102' title='bbox 401 1500 490 1571; x_wconf 90' lang='lat' dir='ltr'><strong>qui</strong></span> <span class='ocrx_word' id='word_1_103' title='bbox 514 1500 657 1554; x_wconf 86' lang='lat' dir='ltr'><strong>illam</strong></span> <span class='ocrx_word' id='word_1_104' title='bbox 678 1500 913 1555; x_wconf 88' lang='lat' dir='ltr'><strong>incolunt</strong></span> <span class='ocrx_word' id='word_1_105' title='bbox 943 1499 1170 1573; x_wconf 86' lang='lat' dir='ltr'><strong>Alpium</strong></span> <span class='ocrx_word' id='word_1_106' title='bbox 1192 1515 1425 1575; x_wconf 86' lang='lat' dir='ltr'><strong>partem,</strong></span> <span class='ocrx_word' id='word_1_107' title='bbox 1457 1503 1560 1574; x_wconf 61' lang='lat' dir='ltr'><strong>qua</strong></span> 
     </span>
     <span class='ocr_line' id='line_1_19' title="bbox 159 1577 1558 1637; baseline -0.001 -4"><span class='ocrx_word' id='word_1_108' title='bbox 159 1579 450 1633; x_wconf 79' lang='lat' dir='ltr'><strong>Germania</strong></span> <span class='ocrx_word' id='word_1_109' title='bbox 488 1578 553 1632; x_wconf 88' lang='lat' dir='ltr'><strong>ab</strong></span> <span class='ocrx_word' id='word_1_110' title='bbox 598 1577 748 1632; x_wconf 85' lang='lat' dir='ltr'><strong>Italia</strong></span> <span class='ocrx_word' id='word_1_111' title='bbox 789 1577 1086 1637; x_wconf 83' lang='lat' dir='ltr'><strong>dividitur,</strong></span> <span class='ocrx_word' id='word_1_112' title='bbox 1123 1599 1192 1632; x_wconf 81' lang='lat' dir='ltr'><strong>ex</strong></span> <span class='ocrx_word' id='word_1_113' title='bbox 1235 1579 1396 1632; x_wconf 88' lang='lat' dir='ltr'><strong>nimia</strong></span> <span class='ocrx_word' id='word_1_114' title='bbox 1432 1599 1558 1633; x_wconf 85' lang='lat' dir='ltr'><strong>cum</strong></span> 
     </span>
     <span class='ocr_line' id='line_1_20' title="bbox 159 1654 1560 1730; baseline 0.001 -20"><span class='ocrx_word' id='word_1_115' title='bbox 159 1658 312 1728; x_wconf 74' lang='lat' dir='ltr'><strong>Pagis</strong></span> <span class='ocrx_word' id='word_1_116' title='bbox 348 1654 645 1710; x_wconf 81' lang='lat' dir='ltr'><strong>Helveticis</strong></span> <span class='ocrx_word' id='word_1_117' title='bbox 664 1655 971 1715; x_wconf 82' lang='lat' dir='ltr'><strong>vicinitate,</strong></span> <span class='ocrx_word' id='word_1_118' title='bbox 999 1654 1404 1730; x_wconf 77' lang='lat' dir='ltr'><strong>haereseos-peste</strong></span> <span class='ocrx_word' id='word_1_119' title='bbox 1439 1677 1560 1711; x_wconf 87' lang='lat' dir='ltr'><strong>con-</strong></span> 
     </span>
     <span class='ocr_line' id='line_1_21' title="bbox 160 1730 1561 1812; baseline -0.001 -23"><span class='ocrx_word' id='word_1_120' title='bbox 160 1737 320 1791; x_wconf 57' lang='lat' dir='ltr'><strong>tracta</strong></span> <span class='ocrx_word' id='word_1_121' title='bbox 352 1770 367 1792; x_wconf 66' lang='lat'><strong>⁷</strong></span> <span class='ocrx_word' id='word_1_122' title='bbox 423 1730 706 1788; x_wconf 75' lang='lat' dir='ltr'><strong>infeliciter</strong></span> <span class='ocrx_word' id='word_1_123' title='bbox 760 1732 1116 1788; x_wconf 81' lang='lat' dir='ltr'><strong>tabescebant.</strong></span> <span class='ocrx_word' id='word_1_124' title='bbox 1165 1736 1311 1812; x_wconf 73' lang='lat' dir='ltr'><strong>Quin</strong></span> <span class='ocrx_word' id='word_1_125' title='bbox 1361 1735 1561 1796; x_wconf 81' lang='lat' dir='ltr'><strong>etiam,</strong></span> 
     </span>
     <span class='ocr_line' id='line_1_22' title="bbox 162 1809 1563 1885; baseline 0.001 -19"><span class='ocrx_word' id='word_1_126' title='bbox 162 1832 287 1866; x_wconf 90' lang='lat' dir='ltr'><strong>cum</strong></span> <span class='ocrx_word' id='word_1_127' title='bbox 321 1816 422 1880; x_wconf 83' lang='lat' dir='ltr'><strong>jam</strong></span> <span class='ocrx_word' id='word_1_128' title='bbox 456 1810 617 1885; x_wconf 74' lang='lat' dir='ltr'><strong>prope</strong></span> <span class='ocrx_word' id='word_1_129' title='bbox 650 1809 804 1872; x_wconf 81' lang='lat' dir='ltr'><strong>esset,</strong></span> <span class='ocrx_word' id='word_1_130' title='bbox 841 1828 899 1865; x_wconf 89' lang='lat' dir='ltr'><strong>ut</strong></span> <span class='ocrx_word' id='word_1_131' title='bbox 934 1812 990 1863; x_wconf 75' lang='lat' dir='ltr'><strong>in¹</strong></span> <span class='ocrx_word' id='word_1_132' title='bbox 1023 1812 1563 1868; x_wconf 48' lang='lat' dir='ltr'><strong>vicinas*Catholicas</strong></span> 
     </span>
     <span class='ocr_line' id='line_1_23' title="bbox 164 1887 1559 1961; baseline 0.001 -18"><span class='ocrx_word' id='word_1_133' title='bbox 164 1888 349 1943; x_wconf 84' lang='lat' dir='ltr'><strong>Valles</strong></span> <span class='ocrx_word' id='word_1_134' title='bbox 382 1905 706 1961; x_wconf 84' lang='lat' dir='ltr'><strong>penetraret,</strong></span> <span class='ocrx_word' id='word_1_135' title='bbox 736 1887 970 1943; x_wconf 72' lang='lat' dir='ltr'><strong>maxime</strong></span> <span class='ocrx_word' id='word_1_136' title='bbox 997 1890 1289 1944; x_wconf 82' lang='lat' dir='ltr'><strong>verendum</strong></span> <span class='ocrx_word' id='word_1_137' title='bbox 1316 1908 1457 1950; x_wconf 85' lang='lat' dir='ltr'><strong>erat,</strong></span> <span class='ocrx_word' id='word_1_138' title='bbox 1495 1912 1559 1945; x_wconf 89' lang='lat' dir='ltr'><strong>ne</strong></span> 
     </span>
     <span class='ocr_line' id='line_1_24' title="bbox 166 1961 1560 2039; baseline 0 -19"><span class='ocrx_word' id='word_1_139' title='bbox 166 1965 232 2020; x_wconf 91' lang='lat' dir='ltr'><strong>ob</strong></span> <span class='ocrx_word' id='word_1_140' title='bbox 254 1961 510 2018; x_wconf 82' lang='lat' dir='ltr'><strong>affiduam</strong></span> <span class='ocrx_word' id='word_1_141' title='bbox 527 1988 650 2020; x_wconf 87' lang='lat' dir='ltr'><strong>cum</strong></span> <span class='ocrx_word' id='word_1_142' title='bbox 672 1967 773 2021; x_wconf 88' lang='lat' dir='ltr'><strong>illis</strong></span> <span class='ocrx_word' id='word_1_143' title='bbox 796 1966 1011 2039; x_wconf 87' lang='lat' dir='ltr'><strong>Populis</strong></span> <span class='ocrx_word' id='word_1_144' title='bbox 1033 1966 1490 2025; x_wconf 85' lang='lat' dir='ltr'><strong>consuetudinem,</strong></span> <span class='ocrx_word' id='word_1_145' title='bbox 1511 1969 1560 2020; x_wconf 73' lang='grc' dir='ltr'><strong>ὃ(</strong></span> 
     </span>
     <span class='ocr_line' id='line_1_25' title="bbox 167 2041 1560 2099; baseline -0.001 -1"><span class='ocrx_word' id='word_1_146' title='bbox 167 2043 627 2098; x_wconf 77' lang='lat' dir='ltr'><strong>mercimoniorum</strong></span> <span class='ocrx_word' id='word_1_147' title='bbox 655 2043 1098 2099; x_wconf 86' lang='lat' dir='ltr'><strong>commoditatem,</strong></span> <span class='ocrx_word' id='word_1_148' title='bbox 1126 2041 1317 2096; x_wconf 80' lang='lat' dir='ltr'><strong>sensim</strong></span> <span class='ocrx_word' id='word_1_149' title='bbox 1350 2063 1560 2098; x_wconf 84' lang='lat' dir='ltr'><strong>omnem</strong></span> 
     </span>
     <span class='ocr_line' id='line_1_26' title="bbox 166 2119 1562 2193; baseline -0.001 -17"><span class='ocrx_word' id='word_1_150' title='bbox 166 2119 491 2193; x_wconf 83' lang='lat' dir='ltr'><strong>Cisalpinam</strong></span> <span class='ocrx_word' id='word_1_151' title='bbox 545 2121 781 2174; x_wconf 85' lang='lat' dir='ltr'><strong>Galliam</strong></span> <span class='ocrx_word' id='word_1_152' title='bbox 830 2121 1161 2177; x_wconf 56' lang='lat' dir='ltr'><strong>labefactaret</strong></span> <span class='ocrx_word' id='word_1_153' title='bbox 1194 2165 1206 2176; x_wconf 92' lang='lat'>.</span> <span class='ocrx_word' id='word_1_154' title='bbox 1262 2120 1401 2174; x_wconf 90' lang='lat' dir='ltr'><strong>Huic</strong></span> <span class='ocrx_word' id='word_1_155' title='bbox 1452 2119 1562 2175; x_wconf 73' lang='lat' dir='ltr'><strong>tam</strong></span> 
     </span>
     <span class='ocr_line' id='line_1_27' title="bbox 168 2197 1563 2273; baseline 0 -21"><span class='ocrx_word' id='word_1_156' title='bbox 168 2199 316 2273; x_wconf 81' lang='lat' dir='ltr'><strong>gravi</strong></span> <span class='ocrx_word' id='word_1_157' title='bbox 347 2197 568 2259; x_wconf 87' lang='lat' dir='ltr'><strong>morb0,</strong></span> <span class='ocrx_word' id='word_1_158' title='bbox 608 2215 854 2271; x_wconf 84' lang='lat' dir='ltr'><strong>tantoque</strong></span> <span class='ocrx_word' id='word_1_159' title='bbox 894 2199 1112 2252; x_wconf 84' lang='lat' dir='ltr'><strong>vitando</strong></span> <span class='ocrx_word' id='word_1_160' title='bbox 1140 2199 1409 2272; x_wconf 80' lang='lat' dir='ltr'><strong>periculo,</strong></span> <span class='ocrx_word' id='word_1_161' title='bbox 1440 2218 1563 2254; x_wconf 84' lang='lat' dir='ltr'><strong>cum</strong></span> 
     </span>
     <span class='ocr_line' id='line_1_28' title="bbox 168 2274 1562 2350; baseline -0.001 -18"><span class='ocrx_word' id='word_1_162' title='bbox 168 2297 355 2349; x_wconf 83' lang='lat' dir='ltr'><strong>magno</strong></span> <span class='ocrx_word' id='word_1_163' title='bbox 383 2312 399 2336; x_wconf 87' lang='lat'><strong>,</strong></span> <span class='ocrx_word' id='word_1_164' title='bbox 444 2276 782 2350; x_wconf 65' lang='lat' dir='ltr'><strong>praesentique</strong></span> <span class='ocrx_word' id='word_1_165' title='bbox 826 2277 1096 2335; x_wconf 79' lang='lat' dir='ltr'><strong>remedio,</strong></span> <span class='ocrx_word' id='word_1_166' title='bbox 1137 2297 1269 2349; x_wconf 89' lang='lat' dir='ltr'><strong>opus</strong></span> <span class='ocrx_word' id='word_1_167' title='bbox 1312 2274 1471 2338; x_wconf 78' lang='lat' dir='ltr'><strong>effer,</strong></span> <span class='ocrx_word' id='word_1_168' title='bbox 1509 2297 1562 2332; x_wconf 80' lang='lat' dir='ltr'><strong>re</strong></span> 
     </span>
     <span class='ocr_line' id='line_1_29' title="bbox 171 2351 1562 2427; baseline 0.001 -19"><span class='ocrx_word' id='word_1_169' title='bbox 171 2351 446 2427; x_wconf 66' lang='lat' dir='ltr'><strong>diligenter</strong></span> <span class='ocrx_word' id='word_1_170' title='bbox 496 2354 524 2409; x_wconf 72' lang='lat' dir='ltr'><strong>a</strong></span> <span class='ocrx_word' id='word_1_171' title='bbox 577 2357 803 2411; x_wconf 85' lang='lat' dir='ltr'><strong>Summis</strong></span> <span class='ocrx_word' id='word_1_172' title='bbox 854 2354 1200 2409; x_wconf 81' lang='lat' dir='ltr'><strong>Pontificibus</strong></span> <span class='ocrx_word' id='word_1_173' title='bbox 1244 2355 1562 2417; x_wconf 87' lang='lat' dir='ltr'><strong>Paulo&#39;V.,</strong></span> 
     </span>
    </p>
   </div>
   <div class='ocr_carea' id='block_1_2' title="bbox 174 2431 1564 2550">
    <p class='ocr_par' dir='ltr' id='par_1_3' title="bbox 174 2431 1564 2550">
     <span class='ocr_line' id='line_1_30' title="bbox 174 2431 1563 2550; baseline -0.002 -62"><span class='ocrx_word' id='word_1_174' title='bbox 174 2435 223 2488; x_wconf 72' lang='grc' dir='ltr'><strong>ὅ(</strong></span> <span class='ocrx_word' id='word_1_175' title='bbox 252 2433 512 2506; x_wconf 82' lang='lat' dir='ltr'><strong>Gregorio</strong></span> <span class='ocrx_word' id='word_1_176' title='bbox 536 2435 645 2490; x_wconf 86' lang='lat' dir='ltr'><strong>XV</strong></span> <span class='ocrx_word' id='word_1_177' title='bbox 652 2479 665 2494; x_wconf 82' lang='grc'><strong>.</strong></span> <span class='ocrx_word' id='word_1_178' title='bbox 686 2434 1030 2495; x_wconf 65' lang='lat' dir='ltr'><strong>confiderata,</strong></span> <span class='ocrx_word' id='word_1_179' title='bbox 1063 2434 1312 2490; x_wconf 84' lang='lat' dir='ltr'><strong>statutum</strong></span> <span class='ocrx_word' id='word_1_180' title='bbox 1335 2433 1436 2496; x_wconf 83' lang='lat' dir='ltr'><strong>est,</strong></span> <span class='ocrx_word' id='word_1_181' title='bbox 1468 2431 1563 2550; x_wconf 46' lang='grc' dir='ltr'>((15ὶο-</span> 
     </span>
     <span class='ocr_line' id='line_1_31' title="bbox 1521 2520 1564 2550; baseline -0.07 0"><span class='ocrx_word' id='word_1_182' title='bbox 1521 2520 1564 2550; x_wconf 90' lang='lat' dir='ltr'><strong>OS</strong></span> 
     </span>
    </p>
   </div>
  </div>
 </body>
</html>
