1788 2833
847 205 966 272 (12)

207 284 401 343 ias‚ut
439 277 580 355 apud
610 278 816 335 Milites
845 281 1005 334 moris
1037 279 1146 340 est,
1178 278 1494 336 decumbere
1522 301 1611 336 co-2·

207 359 492 433 gebantur.
539 362 597 411 In
642 357 741 411 hac
786 373 927 413 tanta
965 356 1270 413 miserorum
1318 358 1607 412 Hominum

210 438 508 492 calamitate
536 434 802 509 explicare
838 435 954 507 quis
988 434 1108 488 satis
1133 434 1319 509 possit,
1354 453 1609 508 quantum

210 517 403 572 Fidelis
436 516 659 569 charitas
694 514 1003 568 emicuerit?
1037 518 1190 587 Qos
1223 515 1363 568 enim
1400 515 1489 568 alii
1524 512 1613 567 seu

211 612 357 649 metu
395 593 600 652 morbi,
651 590 740 646 seu
776 590 1071 647 incredibili
1111 611 1388 666 corporum
1432 593 1613 646 foetore

212 672 398 746 repulsi
435 667 822 742 diligentiffime
861 668 1234 730 declinabant,
1274 689 1358 723 eos
1390 669 1496 741 ipse
1528 669 1620 722 sin-

214 751 362 822 gulos
388 745 657 821 saepissime
702 747 925 802 inviseie
946 784 963 806 ‚
1001 767 1181 802 eorum
1216 747 1392 802 ulcera
1420 763 1617 820 pertia-

213 831 348 884 &tale
372 865 388 887 ,
428 844 610 879 eorum
650 824 828 877 tabem
876 824 1198 894 abstergere,
1240 844 1420 877 eorum
1458 823 1618 896 pedes

212 905 424 964 lavaret,
483 922 669 958 eorum
706 898 1041 955 confessiones
1088 903 1141 954 in
1180 919 1366 955 terram
1426 921 1617 974 pronus

213 983 497 1056 excipere,
559 1000 741 1035 eorum
788 979 1057 1033 sanitatem
1109 979 1342 1037 colle6³ds
1385 979 1617 1050 undique

215 1058 612 1114 delicatioribus
666 1058 838 1119 cibis,
891 1058 1189 1128 conquisitis
1245 1057 1479 1128 undique
1524 1077 1620 1129 op·

215 1136 611 1211 portunioribus
668 1135 1114 1188 medicaminibus,
1159 1155 1470 1207 procurare,
1531 1155 1618 1188 eo·

216 1235 333 1270 rum
363 1211 759 1268 neceffitatibus
791 1211 1067 1265 subvenire
1098 1214 1238 1265 omni
1263 1248 1279 1271 ‚
1326 1214 1428 1283 qua
1471 1229 1622 1283 pote-

216 1310 324 1354 rat,
357 1312 458 1364 ope
487 1285 695 1343 tamdiu
725 1309 829 1341 non
859 1288 1087 1349 destitit,
1123 1288 1381 1361 quamdiu
1411 1289 1625 1342 calami—

217 1388 293 1424 tas
332 1369 421 1423 illa
464 1366 808 1440 Vitchyrchii
849 1367 1242 1440 perseveravit.

378 1443 587 1501 Verum
636 1444 844 1499 nullum
897 1465 1129 1517 unquam
1175 1451 1373 1516 majus,
1414 1443 1626 1519 praecla-

219 1526 429 1598 riusque
470 1522 661 1578 Fidelis
707 1522 853 1576 dedit
892 1522 992 1576 sua:
1033 1524 1083 1576 in
1124 1526 1405 1596 proximos
1447 1523 1627 1576 arden-

221 1601 423 1658 tiffimae
470 1603 736 1656 charitatis
771 1618 1174 1672 argumentum,
1222 1600 1384 1672 quam
1426 1602 1625 1656 invidio

223 1683 348 1741 ill0,
383 1701 488 1752 quo
524 1679 645 1734 usus
681 1680 789 1739 est,
828 1677 941 1732 zelo
975 1681 1026 1732 in
1063 1679 1347 1734 evellendis
1375 1675 1628 1733 radicitus

223 1759 288 1813 ab
335 1778 516 1811 eorum
562 1758 747 1810 animis
786 1757 1038 1828 perversis
1088 1755 1406 1828 quibusdam
1467 1756 1627 1809 mori—

226 1838 323 1890 bus
345 1871 361 1895 ,
396 1837 444 1888 <Sc
476 1835 767 1889 orthodoxa
795 1834 926 1887 inter
962 1856 1047 1888 eos
1093 1833 1371 1903 Religione
1404 1832 1625 1889 tuenda.

225 1916 369 1966 Cum
403 1912 543 1964 enim
583 1908 1001 1982 frequentissimis
1034 1911 1380 1966 concionibus
1417 1911 1564 1964 suis
1552 1931 1628 1963 m-

225 1990 466 2042 duratam
515 1988 846 2043 scelestorum
899 1990 1253 2059 quorumdam
1295 1989 1625 2048 Hominum,

223 2066 629 2156 Muliel‘Jumqte
676 2066 1031 2139 pervicaciam
1085 2068 1357 2138 inungere
1407 2062 1622 2121 minime

227 2142 503 2219 potuisset,
541 2146 610 2197 nil
600 2144 673 2196 liil
709 2145 903 2198 veritus
939 2165 1120 2200 eorum
1150 2146 1348 2206 minas,
1383 2147 1504 2200 vitaz
1539 2163 1628 2215 pe-

229 2223 460 2278 riculum
503 2222 652 2276 nihili
698 2224 924 2282 faciens,
963 2225 1103 2276 omni
1137 2240 1329 2279 conatu
1357 2221 1624 2281 adhibito,

228 2301 295 2352 ab
331 2302 423 2362 iis,
459 2301 651 2373 quibus
682 2300 1015 2372 gubernanda
1043 2299 1309 2354 commissa
1338 2301 1504 2356 fuerat
1533 2299 1630 2353 Ci-

231 2378 405 2449 vitas,
455 2380 724 2433 decretum
760 2378 1025 2439 obtinuit,
1069 2399 1172 2449 quo
1216 2379 1532 2437 cavebatur,
1574 2393 1631 2429 ut

233 2453 320 2507 vel
350 2452 734 2526 resipiscerent,
771 2456 859 2510 vel
896 2462 1109 2513 Senatus
1139 2455 1374 2512 consulto
1410 2455 1567 2510 deleti
1599 2452 1629 2507 a

1568 2528 1635 2569 Gi«
