1788 2833
879 257 959 323 (4)

214 329 517 388 nobiliffimi
546 331 750 404 aliquot
777 331 908 385 inter
929 334 1228 385 Germanos
1255 350 1378 388 eum
1409 331 1622 407 seligen-

214 410 342 464 dum
374 410 676 483 putaverint
711 406 985 481 tamquam
1014 411 1178 480 magis
1212 410 1494 473 idoneum,
1530 416 1620 468 cui

214 489 469 560 Magistro
491 530 507 550 2
540 488 802 548 Custodi,
846 503 1001 558 atque
1045 487 1261 543 Reum-i
1285 488 1440 544 Filios
1477 511 1621 545 corn·-

210 568 478 622 mitterent
510 566 562 619 in
584 564 742 620 Ital-iae
765 602 782 626 ‚
814 563 1112 637 Galliaeque
1152 565 1332 621 itinere
1371 587 1619 641 peragen-

211 644 310 701 do,
360 647 555 700 Eorum
603 643 847 717 precibus
898 663 1022 698 cum
1067 640 1117 697 se
1166 643 1356 697 Fidelis
1409 646 1619 702 facilem

208 721 534 795 praebuisset,
563 718 640 775 ita
671 721 721 776 se
757 722 807 775 in
841 742 903 775 eo
936 738 1147 775 munere
1179 722 1454 796 praestitit,
1477 741 1538 779 ut
1566 727 1619 778 ὃς

210 802 369 860 De0‚
406 805 454 854 ὅ(
490 798 810 853 Hominibus
843 798 1180 872 probaretur.
1222 804 1325 855 Sex
1355 801 1497 854 enim
1531 821 1621 854 an·-

207 897 393 932 norum
424 876 592 950 spatio
613 913 629 938 ‚
650 874 845 950 quibus
876 878 973 932 iter
993 874 1125 931 illud
1154 877 1456 934 confeaum
1492 879 1618 941 fuit,

207 953 501 1011 commissos
551 954 643 1009 fibi
692 954 1072 1011 Adolescentes
1118 955 1188 1009 ita
1240 956 1559 1027 gubernavit
1594 991 1615 1017 ‚

204 1035 376 1095 rexit,
415 1033 649 1090 erudivit
677 1071 693 1096 ‚
731 1050 790 1088 ut
818 1072 835 1096 ,
873 1035 924 1087 in
970 1034 1201 1087 Patriam
1245 1054 1370 1088 cum
1411 1031 1618 1089 fuissent

204 1111 422 1167 reduces
453 1151 469 1175 ‚
507 1133 605 1165 non
651 1109 825 1165 miniis
869 1112 1051 1181 insigni
1093 1113 1145 1165 in
1189 1115 1375 1167 Deum
1413 1113 1613 1185 pietate

206 1189 438 1245 imbutos
486 1210 667 1244 eorum
707 1190 947 1243 Parentes
991 1187 1202 1243 confeffi
1247 1188 1341 1243 fint
1374 1226 1392 1251 2
1447 1190 1613 1264 quam

206 1268 490 1340 multiplici
529 1287 701 1321 rerum
736 1268 1034 1338 cognitione
1075 1264 1302 1321 versatos
1324 1310 1336 1321 .

364 1345 599 1416 Friburgi
637 1344 798 1417 paulo
829 1346 945 1419 post
974 1345 1080 1398 ritu
1108 1342 1305 1398 solenni
1335 1344 1611 1420 utriusque

202 1425 325 1494 juris
361 1424 566 1484 laurea,
603 1423 907 1497 caeterisque
943 1423 1187 1479 dostrinae
1212 1422 1497 1493 insignibus
1528 1425 1616 1480 de·-

203 1518 445 1562 efflatus,
486 1503 536 1555 in
574 1501 833 1556 Alsatiam
884 1503 1118 1575 perrexit
1148 1538 1165 1562 ‚
1212 1517 1269 1555 ut
1308 1500 1612 1557 Enfishemii

201 1580 476 1634 Advocati
522 1600 734 1634 munere
790 1582 1137 1651 fungeretur.
1179 1579 1298 1632 Vix
1341 1596 1514 1634 tamen
1559 1583 1612 1634 in

202 1657 317 1711 Fori
363 1659 538 1713 lucem
585 1656 805 1729 egreffus
847 1657 1041 1712 Fidelis
1080 1660 1285 1715 fuerat,
1329 1657 1611 1731 causasque

201 1752 433 1810 coeperat
485 1737 676 1806 agitare
707 1774 723 1796 ·,
779 1758 902 1792 cum
953 1738 1371 1790 animadvertens
1400 1773 1417 1797 ,
1460 1738 1610 1793 inane

202 1810 297 1867 effe
318 1851 334 1875 ,
356 1831 511 1885 atque
535 1812 873 1870 vaniffimum
904 1814 1168 1885 quidquid
1192 1814 1402 1867 honoris
1421 1850 1438 1873 9
1459 1814 1611 1886 quid·-

201 1891 330 1962 quid
367 1891 669 1964 dignitatis,
713 1910 802 1947 aut
851 1891 983 1946 lucri
1037 1892 1066 1944 a
1106 1891 1305 1945 Forensi
1347 1893 1608 1947 exercita—

200 1971 340 2024 tione
374 1968 424 2024 se
460 1968 744 2041 aliquando
779 1968 1186 2024 consecuturum
1226 1968 1424 2044 sperare
1462 1988 1607 2044 pote*

198 2063 310 2108 rat,
350 2045 460 2101 imo
491 2049 652 2102 etiam
692 2048 878 2122 quanti
915 2047 1025 2101 alea
1058 2046 1149 2099 illa
1183 2048 1235 2100 in
1279 2049 1461 2102 animae
1508 2050 1607 2103 fuae

196 2126 484 2200 perniciem
534 2126 663 2181 foret
713 2126 868 2200 plena
916 2124 1182 2200 periculi,
1226 2126 1481 2181 nuncium
1527 2125 1605 2178 illi

196 2206 459 2260 remittere
505 2205 682 2260 statuit
710 2241 727 2266 2
771 2204 926 2279 seque
979 2220 1151 2259 totum
1200 2204 1371 2259 divini
1409 2203 1605 2258 Numi-

197 2281 276 2335 nis
308 2283 557 2355 obsequio
593 2284 917 2358 mancipare.
954 2281 1278 2337 Perarduum
1313 2283 1470 2353 igitur
1503 2282 1606 2335 vir-

199 2358 325 2414 tutis
369 2362 464 2415 iter
504 2363 740 2417 incedere
798 2363 1018 2435 cupiens
1051 2397 1067 2420 ‚
1108 2380 1232 2414 cum
1287 2360 1487 2431 aliquot
1531 2381 1601 2415 ex

197 2436 533 2507 rigidioribus
588 2441 855 2494 Ordinum
926 2438 1182 2492 Institutis
1242 2436 1603 2492 consideranda

197 2513 289 2567 fibi
335 2515 402 2570 ob
450 2516 630 2570 oculos
676 2514 1065 2590 proposuisse*
1109 2514 1241 2568 '‘flud
1273 2511 1604 2630 Pfflffimi‘ssliff
