1788 2833
204 270 206 273 .
766 215 882 282 (23)
1186 263 1192 266 .

121 292 242 346 dem
302 289 679 345 miraculorum
734 291 1008 346 veritatem
1068 304 1223 362 atque
1291 289 1521 344 substan-

122 371 252 424 tiam
282 369 566 423 deventum
598 368 695 421 est:
744 370 997 443 Cumque
1027 370 1077 423 in
1108 368 1350 441 pluribus
1379 368 1524 421 Con-

125 447 513 521 gregationibus
550 443 753 501 fuissent
791 445 919 503 bene
954 445 1206 507 discussa,
1240 448 1292 501 ὃς
1322 448 1373 501 in
1402 447 1526 499 ulti-

124 546 210 579 ma
247 525 470 597 generali
507 526 611 580 duo
641 546 710 581 ex
742 543 967 598 quatuor
994 525 1160 599 plenis
1183 526 1399 579 Patrum
1424 522 1529 578 sus-

126 603 301 675 fragiis
335 602 616 677 adprobata
637 640 653 664 ‚
699 604 910 657 tandem
941 601 1224 675 aliquando
1258 603 1345 657 die
1382 600 1528 655 deci-

126 702 211 735 ma
232 684 417 738 ostava
439 680 633 734 Mensis
646 681 882 747 Januarii
909 681 1027 734 anni
1050 678 1310 735 millesimi
1332 678 1530 753 septin-

126 758 393 830 gentefimi
423 757 799 831 quadragesimi
833 759 1001 830 quarti
1031 755 1384 816 Sanffiffimus
1415 758 1532 811 Do-

126 839 300 892 minus
342 838 531 892 Noster
577 837 1056 894 BENEDICTUS
1092 839 1249 892 XIV.
1285 835 1533 889 Pontifex

127 915 382 989 Optimus
416 913 696 969 Maximus
725 913 977 987 peculiari
1003 916 1237 971 Decreto
1266 912 1357 968 suo
1383 917 1535 986 Apo-

129 992 320 1047 stolicae
359 991 770 1047 confirmationis
808 994 872 1048 iis
903 991 1063 1047 robur
1095 991 1339 1065 adjunxit
1360 1034 1372 1048 .
1422 990 1535 1045 Pri-

127 1091 278 1126 mum
321 1088 391 1124 ex
434 1071 496 1124 iis
541 1070 640 1123 fuit
675 1071 752 1126 Fr.
789 1070 1014 1126 Carolus
1049 1069 1078 1120 εὶ
1116 1069 1429 1121 Mediolano
1466 1088 1537 1122 ex
1590 1118 1596 1125 .

128 1148 332 1203 Ordine
360 1140 794 1223 Capuccinorum
828 1141 1087 1198 Professus
1132 1141 1161 1198 εὶ
1199 1142 1384 1198 morbo
1419 1144 1536 1217 epi-

129 1225 364 1298 leptico,
408 1244 513 1295 quo
546 1242 637 1297 per
674 1220 987 1277 decennium
1024 1219 1384 1284 laboraverat,
1427 1241 1540 1277 mo-

129 1319 308 1358 mento
343 1299 546 1356 sanitati
588 1299 813 1374 pristinae
842 1299 974 1356 adeo
1006 1300 1310 1360 restitutus,
1356 1315 1416 1354 ut
1459 1300 1540 1353 in-

131 1381 313 1434 firmus
354 1378 502 1434 fuisse
537 1378 833 1434 nullatenus
871 1378 1453 1437 videretur.rAlterum
1487 1379 1540 1430 in

126 1457 355 1531 Josepho
390 1459 579 1512 Kirner
606 1458 772 1511 Puero
802 1456 1107 1530 quadrienni
1135 1472 1402 1530 patratum
1434 1456 1535 1509 est:

134 1537 236 1590 Hic
265 1536 405 1591 enim
436 1536 504 1589 ob
533 1535 848 1590 rachitidem
883 1534 1186 1591 triennalem
1212 1553 1423 1588 omnem
1455 1553 1543 1606 pe-

135 1616 263 1668 dum
299 1612 451 1667 usum
485 1611 751 1674 amiserat3
782 1611 870 1668 sed
903 1632 930 1666 a
956 1613 1131 1666 Matre
1164 1612 1228 1665 ad
1258 1608 1542 1667 Ecclesiam

135 1691 565 1764 Capuccinorum
605 1709 728 1744 cum
779 1686 951 1746 fuisset
994 1689 1223 1750 duc'tus‚
1264 1691 1541 1760 *Beatoque

139 1768 303 1823 Fideli
360 1784 477 1822 ante
527 1775 633 1841 ejus
687 1769 972 1840 imaginem
1026 1768 1243 1822 fervidis
1293 1765 1545 1841 precibus

139 1846 534 1901 commendatus
571 1885 588 1908 ,
636 1845 966 1901 consolidatae
1019 1842 1195 1900 subito
1235 1845 1354 1901 sunt
1399 1843 1544 1899 bases

140 1930 284 1995 er8‚
320 1922 655 1996 relietisque,
694 1924 886 1995 quibus
926 1941 1116 1995 corpus
1155 1922 1402 1993 regebat,
1442 1920 1546 1975 ful-

140 2002 238 2055 cris
261 2036 276 2059 ,
315 1998 387 2052 ita
419 1999 558 2056 reste
592 2000 920 2060 ambulavit,
959 2015 1019 2054 ut
1050 1999 1154 2054 suis
1182 1997 1291 2072 ipse
1319 1996 1545 2072 pedibus

146 2082 389 2134 Domum
423 2077 666 2137 redierit,
703 2075 956 2149 sanusque
987 2075 1189 2149 semper
1221 2073 1474 2130 incesserit
1494 2116 1506 2130 .

284 2156 548 2209 Postremo
566 2191 582 2216 ,
615 2174 739 2208 cum
761 2155 844 2209 die
868 2152 1119 2224 vigesima
1138 2170 1321 2227 quarta
1350 2149 1548 2207 Mensis

146 2234 333 2288 Martii
372 2232 601 2303 ejusdem
643 2232 764 2286 anni
810 2234 861 2285 in
900 2230 1122 2305 generali
1171 2230 1549 2303 Congregatio-

147 2332 210 2366 ne
247 2308 428 2365 coram
466 2308 742 2366 SanCtitate
778 2314 880 2366 Sua
912 2308 1174 2364 solennem
1208 2309 1354 2363 Beati
1400 2301 1550 2363 Fi'de-

150 2388 214 2442 lis
260 2388 725 2444 Canonizationem
780 2388 899 2444 tuto
951 2386 1130 2461 perfici
1185 2383 1318 2460 posse
1372 2385 1550 2441 Patres

151 2467 417 2524 unanimes
469 2463 797 2524 affirmassent
825 2506 846 2534 ,
909 2465 1092 2522 eadem
1149 2465 1404 2524 Sanstitas
1446 2467 1549 2519 Sua

1464 2554 1549 2595 pre·
