1788 2833
817 170 934 236 (αι)

182 243 369 316 gefimi·.
402 242 524 298 noni
569 242 837 298 decretum
880 247 983 299 est:
1030 246 1291 313 Constare„
1325 247 1470 320 quod
1521 249 1571 300 in

152 322 364 376 rodium
405 320 694 377 Catholicae
749 321 891 377 Fidei
939 325 1277 396 interemptus
1322 322 1442 380 vere
1494 325 1575 378 Fi-

177 399 309 453 delis
342 399 529 454 fuerit.
575 417 898 472 quatuorque
934 421 1002 456 ex
1040 400 1279 474 pluribus
1319 401 1574 476 adproba—

176 494 228 532 ta
260 477 543 532 miracula.
578 479 814 531 Primum
834 479 906 532 est
927 514 943 539 ,
978 479 1120 549 quod
1156 497 1341 535 exorto
1376 481 1427 533 in
1460 500 1573 534 arce

175 554 571 626 Majenfeldenfi
608 555 841 609 maximo
877 556 1158 616 incendio,
1190 557 1306 629 post
1357 558 1578 613 invoca-

175 648 283 687 tam
314 632 504 687 Fidelis
537 652 692 704 opem
721 630 895 684 statim
919 633 1214 688 extinffiium
1242 635 1343 689 est.
1381 633 1576 691 Secun-

174 710 306 763 dum
336 747 353 770 ‚
405 708 550 780 quod
600 729 725 763 cum
761 713 911 764 Soror
956 709 1175 763 Caecilia
1214 710 1574 782 Munsingerin

176 785 593 843 Sanstimonialis
628 786 843 840 Ordinis
879 786 1232 841 Cistercienfis
1283 789 1574 843 mamillam

175 864 448 919 dexteram
501 862 737 919 horribili
792 864 1023 936 quodam
1075 866 1233 919 modo
1278 865 1575 922 inflamma-

174 957 302 996 tamr
326 942 541 999 haberet
568 979 585 1003 ‚
639 940 946 1014 doloresque
983 940 1333 998 acerbiffimos
1374 962 1575 1017 patere-

174 1038 302 1080 tur,
351 1022 596 1073 invocato
643 1019 833 1074 Fidelis
884 1020 1085 1076 auxilio
1122 1058 1139 1082 ,
1187 1018 1361 1075 statim
1402 1039 1577 1078 tumor

173 1098 374 1159 omnis,
414 1099 581 1152 omnis
617 1095 766 1148 dolor
799 1099 1047 1151 evanuit.
1085 1094 1330 1150 Tertium
1351 1134 1368 1158 ‚
1396 1098 1572 1170 quod,

173 1196 297 1230 cum
336 1174 622 1229 infantulus
664 1171 962 1227 Franciscus
993 1170 1237 1245 Papuffin
1269 1175 1366 1230 vix
1401 1177 1454 1228 in
1497 1176 1577 1231 lu-

173 1273 291 1306 cem
321 1252 497 1307 editus
527 1251 807 1305 dexterum
832 1249 1050 1305 oculum
1079 1249 1253 1324 primo
1287 1251 1537 1307 fluentem
1559 1293 1576 1317 ‚

174 1350 304 1384 mox
342 1330 499 1384 dens&
539 1326 812 1383 suffusione
853 1327 1225 1383 obnubilatum
1266 1328 1519 1386 habuiffet
1558 1368 1574 1393 ,

176 1410 404 1462 foramen
435 1427 645 1479 quoque
674 1407 723 1461 in
756 1407 932 1461 medio
954 1406 1106 1461 ocelli
1140 1406 1479 1481 conspestum
1511 1410 1574 1463 de

175 1490 395 1540 humore
427 1484 724 1559 crystallino
756 1484 1049 1558 profluente
1087 1483 1433 1558 suspicionem
1468 1507 1579 1540 ma·-

171 1565 379 1619 -ximam
410 1560 712 1635 ingeffiffet,
742 1563 990 1619 Medicus
1027 1560 1188 1622 vero,
1228 1561 1500 1637 tamquzlm
1523 1585 1575 1620 re

172 1639 476 1713 desperata,
513 1661 667 1715 opem
705 1642 833 1696 ferre
876 1637 1203 1698 recusavisset
1233 1678 1251 1703 ‚
1296 1642 1469 1698 Matre
1511 1642 1576 1696 ad

178 1718 366 1773 Fidelis
402 1740 555 1793 opem
592 1721 962 1791 confugiente,
1006 1736 1160 1790 atque
1205 1738 1437 1776 vovente
1465 1757 1482 1782 ‚
1526 1718 1575 1774 se

176 1797 318 1850 diem
349 1796 656 1868 vigesimam
694 1814 932 1870 quartam
966 1797 1202 1871 Aprilis·‚
1236 1795 1343 1870 quai
1379 1816 1577 1872 marty·-

174 1875 312 1928 rium
344 1872 513 1947 paffus
549 1876 751 1936 suerat,
789 1876 919 1930 inter
956 1874 1185 1930 solennes
1217 1876 1517 1947 habituram
1556 1912 1574 1935 ‚

175 1950 344 2005 soluto
382 1968 538 2012 vom,
574 1954 710 2007 Puer
746 1954 817 2006 ita
843 1952 1046 2007 sanatus
1075 1954 1182 2019 est,
1207 1971 1266 2008 ut
1297 1953 1502 2017 nullum
1526 1952 1576 2003 in

174 2028 329 2083 oculo
385 2027 682 2083 remanserit
739 2030 1011 2102 praeteritae
1070 2030 1388 2093 infirmitatis
1446 2029 1578 2093 indi·-

176 2107 319 2160 cium
343 2147 355 2159 .
402 2111 665 2179 Qartum
695 2107 954 2178 denique,
995 2107 1173 2178 quod,
1211 2105 1577 2181 cum'Gaspar

166 2184 382 2254 ⁴Stigher
422 2203 491 2237 ex
542 2183 681 2255 Pago
726 2182 1020 2256 Gismgensi
1054 2186 1289 2260 quinque
1325 2188 1575 2249 annorum

101 2299 111 2302 <
173 2260 343 2336 spatio
388 2259 610 2316 laterum
665 2279 1034 2335 tergorumque
1080 2261 1192 2318 tam
1247 2262 1435 2318 acerbo
1478 2262 1574 2317 do-

173 2340 279 2395 lore
326 2336 493 2394 suiffet
536 2337 758 2397 afflictus
784 2379 802 2403 ,
852 2359 910 2395 ut
946 2342 1138 2414 cuique
1184 2340 1406 2403 labori,
1460 2337 1571 2409 ir‘no

174 2418 336 2474 etiam
382 2420 552 2478 motui
591 2420 850 2498 impotens
886 2417 1043 2485 effet,
1081 2417 1365 2497 postquam
1403 2417 1458 2475 se
1475 2417 1574 2535 dFli⁴

1505 2507 1572 2536 CJS
