1788 2833
639 268 641 270 ,
881 207 998 271 '20)

235 285 359 338 Deo
401 283 603 356 patrata
650 213 901 345 fuerant}
948 279 1101 354 longe
1152 279 1367 355 lateque
1405 289 1593 355 vagata
1619 320 1639 345 ‚

233 358 440 415 summo
497 358 835 433 postmodum
880 361 983 415 fuit
1026 360 1357 435 Principibus
1407 360 1642 433 Populis-

233 459 335 510 que
369 439 704 492 incitamento
736 473 754 498 ,
798 452 859 491 ut
893 438 1022 492 tanti
1063 439 1324 513 Martyris
1355 439 1642 513 patrocinio

234 515 286 571 se
337 516 520 571 multis
563 516 807 591 precibus
847 516 1273 571 commendarent
1308 561 1323 575 .
1372 518 1640 592 Qoniam

236 593 367 649 vero
420 615 509 650 eos
562 595 711 650 inter.
755 596 1078 666 Operarios.,
1145 595 1236 667 qui
1294 594 1641 649 excolendam

237 673 446 728 vineam
514 673 738 727 Domini
796 669 924 742 jussu
989 676 1151 727 Sacrae
1209 671 1641 743 Congregationis

236 750 300 804 de
348 751 686 823 propaganda
739 749 863 802 Fide
904 749 1269 822 susceperant,
1316 751 1519 822 primus
1558 749 1642 803 Fi-

235 826 368 880 delis
419 828 623 887 fuerat,
672 825 762 899 qui
815 844 930 878 eam
975 827 1187 899 proprio
1233 824 1475 897 sanguine
1531 826 1642 879 irri-

235 920 451 974 gaverat
506 906 570 958 ὃς·
615 902 1063 966 foecundaverat3
1125 902 1265 957 Hinc
1299 940 1316 965 ‚
1370 921 1429 959 ut
1477 905 1641 958 etiam

234 981 300 1036 de
357 980 518 1056 seipsa
575 979 686 1036 tam
747 980 1070 1037 benemerito
1124 982 1503 1057 protomartyri
1552 981 1642 1035 suo

235 1065 454 1130 majores
496 1096 514 1120 ·‚
575 1081 703 1130 quas
752 1058 806 1113 in
848 1059 1024 1115 Terris
1071 1076 1274 1133 poterat
1302 1097 1319 1120 ‚
1371 1062 1498 1133 grati
1522 1059 1644 1112 ,ani-

235 1137 310 1189 mi
341 1138 482 1190 vices
520 1137 704 1190 eadem
734 1137 1087 1206 Congregatio
1127 1138 1463 1210 rependeret,
1505 1136 1642 1208 ejus-

240 1214 361 1268 dem
408 1214 562 1287 opera
609 1210 783 1268 subito
827 1210 1022 1268 fidium
1071 1214 1144 1267 est
1173 1250 1189 1274 ‚
1237 1231 1297 1266 ut
1340 1217 1406 1269 de
1453 1237 1517 1270 eo
1566 1215 1646 1267 in-

237 1308 315 1345 ter
379 1289 696 1362 gloriosiores
750 1289 946 1343 Christi
1011 1292 1276 1364 Martyres
1333 1292 1645 1346 recensendo

238 1385 477 1440 ageretur
518 1411 530 1422 .
581 1368 741 1441 (QOd
791 1384 850 1421 ut
895 1367 1051 1423 citius
1099 1369 1418 1424 obtineretur
1448 1407 1465 1431 ‚
1523 1371 1645 1424 dato

238 1446 305 1502 ad
341 1446 613 1502 Urbanum
643 1447 805 1499 VIII.
843 1447 1155 1502 Pontificem
1187 1448 1497 1502 Maximum
1526 1447 1648 1521 sup-

239 1524 368 1598 plici
408 1524 622 1585 libello,
667 1527 819 1579 Sacra
857 1525 1041 1579 eadem
1085 1525 1438 1596 Congregatio
1486 1526 1647 1599 impe-

194 1625 199 1629 *
238 1603 443 1663 travit,
489 1619 547 1657 ut
581 1599 775 1657 omiffis
806 1601 868 1656 iis
911 1599 1270 1663 ProceffibUS‚
1294 1605 1387 1675 qui
1423 1605 1646 1660 aufiori-

242 1698 346 1734 tate
390 1681 666 1735 Ordinaria
706 1677 818 1734 fieri
872 1678 1293 1741 consueverunt,
1346 1681 1644 1755 Apostolici

243 1754 446 1811 tantum
498 1759 905 1813 conficerentur.

400 1835 444 1887 Ii
482 1833 609 1890 vero
643 1833 843 1908 probe,
873 1832 1081 1907 riteque
1117 1834 1341 1892 confecti
1373 1855 1496 1891 cum
1527 1836 1648 1890 suif-

243 1911 351 1968 sent
372 1948 388 1971 ⁷
422 1914 470 1966 3<
505 1913 568 1966 ad
607 1912 807 1968 Urbem
855 1911 1051 1975 delati,
1084 1931 1315 1986 cumque
1349 1914 1412 1967 ad
1447 1912 1650 1984 rigidis-

243 1988 432 2043 fimum
468 2010 686 2044 examen
729 1992 793 2044 de
830 2009 971 2045 more
1004 2008 1250 2045 revocata
1292 1988 1493 2045 fuissent
1525 1989 1649 2045 cism

239 2065 561 2140 martyrium
601 2104 617 2127 ,
674 2070 722 2122 ὅ(
759 2066 934 2121 causa
976 2070 1262 2142 martyrii,
1317 2067 1433 2124 tum
1479 2067 1648 2140 signa,

186 2167 188 2169 ’
245 2161 400 2216 atque
449 2144 706 2198 miracula
744 2181 761 2206 ‚
826 2165 939 2217 quae
997 2144 1168 2219 ipsum
1215 2147 1413 2201 fuerant
1472 2145 1650 2201 conse·-

241 2239 408 2296 quuta
438 2258 456 2283 ‚
497 2218 716 2277 demum
763 2226 814 2275 in
860 2224 1081 2294 generali
1132 2225 1365 2278 Rituum
1414 2225 1648 2294 Congre-

219 2301 447 2370 ·gatione
481 2319 661 2354 coram
698 2301 981 2357 Benedifto
1024 2302 1180 2357 XIII.
1214 2301 1466 2356 Pontifice
1491 2300 1651 2374 Opti-

196 2403 199 2404 ⁷
243 2396 331 2429 mo
367 2378 623 2430 Maximo
655 2378 837 2432 habita
868 2380 953 2432 die
991 2378 1240 2448 vigefima
1280 2395 1460 2450 quarta
1490 2381 1650 2433 Men-

241 2452 304 2507 fis
333 2452 612 2511 Februarii
641 2455 756 2511 anni
798 2454 1062 2512 millefimi
1103 2455 1536 2528 septingentefimi
1572 2456 1654 2510 vi·-

835 2558 838 2561 <
1516 2530 1650 2592 gefimi
