1788 2833
861 225 978 292 (10)

217 323 341 358 mno
358 337 375 362 ,
397 298 561 374 quam
582 298 729 354 cibo:
755 300 829 355 Eo
847 301 990 354 enim
1014 299 1137 356 usus
1156 301 1232 355 est*
1248 301 1319 355 ita
1334 312 1523 375 parco,
1539 314 1621 363 ut',

217 399 342 435 cum
388 379 648 439 orationi,
694 375 940 438 leffioni,
995 376 1383 452 scribendisque
1416 381 1624 435 concio-

218 457 374 513 nibus
407 458 701 512 maximam
731 456 900 512 no&is
934 470 1136 529 partem
1172 458 1456 520 tribueret,
1490 475 1624 521 treS,

218 535 283 589 ad
321 535 591 592 summum
627 549 851 606 quatuor
883 534 1032 587 horas
1070 534 1122 588 in
1156 534 1305 589 sacco
1350 537 1624 593 stramineo

216 613 535 688 provolutus
573 610 903 667 dormitando
941 609 1307 668 consumeret.

379 691 538 746 Adeo
568 691 728 763 igitur
754 688 1102 745 mortificatus
1131 709 1281 746 carne
1304 710 1427 745 cum
1459 693 1589 748 foret
1607 728 1624 752 ,

219 768 353 823 illud
378 768 569 822 Fidelis
598 768 671 821 est
696 769 1006 822 consecutus
1024 803 1041 827 ,
1075 784 1135 821 ut
1163 766 1350 842 spiritu
1382 770 1626 824 vivifica-

220 864 304 900 tus
333 865 436 897 non
464 842 634 899 solum
662 845 950 906 intacium,
985 842 1356 918 illibatumque
1384 847 1450 900 ab
1475 847 1623 901 omni

217 920 486 978 mortifera
513 923 718 997 peccati
748 921 866 976 labe
894 942 1113 998 corpus,
1145 924 1489 996 animumque
1520 921 1626 979 ser-

219 1001 431 1056 vaverit
452 1039 469 1064 ,
512 1000 600 1057 sed
634 1001 956 1075 promptior,
996 1000 1321 1076 alacriorque
1353 1003 1404 1057 in
1438 1005 1625 1058 Deum

217 1080 549 1134 elevaretur.
606 1079 784 1150 Usque
839 1080 980 1133 enim
1036 1079 1172 1135 adeo
1211 1080 1445 1135 oratione
1496 1077 1624 1134 cum

219 1155 427 1217 vocali,
457 1153 572 1210 tum
597 1155 811 1210 mentali
847 1155 1210 1212 delectabatur
1231 1196 1248 1220 ,
1286 1175 1345 1213 ut
1372 1178 1468 1212 mc
1496 1157 1589 1212 diu
1607 1193 1624 1216 ‚

219 1253 314 1288 nec
348 1237 510 1289 noc'tu
556 1235 817 1289 invic‘ium
861 1232 926 1286 ab
959 1253 1018 1287 ea
1057 1231 1297 1306 spiritum
1332 1236 1589 1290 relaxaret
1610 1278 1624 1291 .

219 1314 413 1367 Praeter
445 1311 594 1365 horas
622 1311 896 1365 canonicas
925 1310 990 1363 ab
1021 1311 1258 1366 Ecclefiae
1281 1349 1298 1373 ,
1332 1316 1381 1368 ὅ(
1422 1314 1627 1367 Franci-

222 1389 384 1443 scanae
409 1389 636 1443 Familiae
661 1390 800 1443 Ritu
819 1386 1159 1463 praescriptas,
1186 1411 1312 1463 quas
1328 1390 1479 1445 simul
1502 1410 1626 1445 cum

221 1468 418 1522 caeteris
471 1466 733 1522 Fratribus
782 1462 1016 1540 graviter
1038 1505 1054 1529 ,
1104 1467 1453 1541 decenterque
1493 1467 1628 1543 psal-

222 1545 402 1601 lendas
438 1546 488 1598 in
526 1547 686 1600 choro
716 1545 931 1600 curabat
955 1582 971 1606 ,
1004 1566 1064 1599 ea
1099 1548 1259 1601 etiam
1293 1545 1466 1601 officia
1498 1547 1629 1601 reci-

224 1643 329 1678 tare
370 1622 588 1684 solitUS,
629 1644 745 1694 quae
783 1625 954 1679 Beatae
998 1625 1181 1679 Mariae
1221 1625 1466 1696 Virgini,
1508 1629 1627 1680 San-

224 1707 413 1772 &oque
455 1700 724 1755 Francisco
765 1700 883 1756 sunt
910 1701 1232 1775 peculiaria,
1278 1704 1343 1757 ab
1368 1703 1431 1757 iis
1471 1701 1627 1756 nullis

224 1799 454 1849 unquam
478 1778 664 1833 diebus
694 1779 971 1840 abstinuit;
1002 1783 1130 1849 quin
1159 1781 1316 1835 etiam
1340 1780 1455 1853 post
1483 1799 1628 1832 com-

224 1856 392 1929 pletas
425 1858 678 1911 no&u1·no
714 1874 949 1930 tempore
976 1875 1061 1911 eas
1093 1857 1272 1912 laud-es
1292 1893 1308 1918 ,
1356 1877 1473 1930 quae
1510 1857 1628 1909 Ma-

224 1934 407 1988 tutinae
462 1932 712 1987 dicuntur
732 1971 748 1993 ,
805 1934 1004 1989 caeteris
1055 1935 1302 1990 cubitum
1352 1935 1630 2008 repetenti-

224 2011 354 2072 bus,
393 2009 501 2082 ipse
540 2010 591 2061 in
629 2010 852 2064 Ecclesia
886 2031 1062 2066 coram
1100 2008 1425 2069 Sanctiffimo
1456 2016 1629 2067 Sacra-

224 2103 404 2143 mento
436 2087 592 2143 flexis
639 2088 860 2160 genibus
895 2088 1264 2163 perseverans,
1296 2087 1479 2148 sanare
1518 2108 1629 2143 ora-

222 2165 382 2221 tionis
440 2164 607 2219 studia
651 2166 814 2238 usque
867 2168 933 2221 ad
985 2187 1224 2224 auroram
1279 2166 1628 2242 prosequeba—

225 2262 340 2300 tur.
387 2243 595 2299 Divina
631 2245 759 2298 vero
794 2246 1040 2320 mysteria
1078 2263 1219 2302 tanto
1255 2246 1442 2302 mentis
1478 2246 1626 2300 ardo·

221 2340 310 2382 re,
342 2321 483 2375 tanta
512 2321 588 2376 sui
621 2319 831 2394 spiritus
859 2323 1113 2380 suavitate
1145 2324 1526 2385 meditabatur,
1567 2339 1625 2376 ut

224 2399 666 2470 contemplatione
725 2398 1008 2472 aliquando
1073 2403 1279 2457 defixus
1299 2439 1315 2463 ‚
1367 2420 1520 2473 atque
1575 2401 1627 2454 in

230 2476 412 2528 Deum
456 2493 630 2547 raptus
686 2477 976 2531 immobilis
1013 2481 1183 2535 multo
1228 2495 1461 2554 tempore
1503 2498 1623 2554 per-

874 2568 879 2577 ²
1543 2569 1627 2596 ma-
