1788 2833
866 217 930 251 22

196 272 326 327 delis
378 271 668 345 patrocinio
709 198 1109 329 comrcnetidavit
1138 307 1155 333 ‚
1201 290 1369 344 eoque
1421 270 1597 343 gladio

196 353 467 407 contactus
505 350 638 410 fuit,
684 370 790 421 quo
828 349 1101 406 dicebatur
1133 348 1275 405 fuisse
1306 349 1601 424 percussus,

197 427 346 483 illico
407 429 633 501 pristinae
677 426 881 482 sanitati
933 428 1218 503 primisque
1273 428 1475 484 viribus
1524 449 1602 484 re-

197 506 406 564 stitutus
440 507 513 563 est
534 549 547 563 .

349 580 722 660 Qapropter‚
761 591 894 639 cum
933 588 1084 640 Sacra
1142 581 1326 639 eadem
1369 586 1602 658 Congre-
1651 602 1656 610 ·

193 663 330 734 gatio
364 668 584 719 Servum
617 663 726 717 Dei
759 662 889 718 inter
915 661 1098 718 Beatos
1128 660 1321 717 solenni
1355 661 1495 717 Ritu
1524 683 1600 717 re-

196 740 384 796 censeri
414 737 548 815 poffe
587 737 793 795 dixisset
813 780 830 802 ,
870 740 1012 794 idem
1042 739 1355 796 Benedictus
1387 741 1547 797 XIII.
1583 779 1602 801 ,

193 819 317 872 dato
364 816 680 891 Diplomate
716 853 733 877 ‚
779 818 863 871 die
903 817 1108 871 decima
1146 817 1372 871 secunda
1402 817 1602 872 Mensis

193 896 380 951 Martii
417 896 532 949 anni
575 892 837 950 millesimi
873 893 1313 969 septingentefimi
1361 893 1603 965 vigesimi

191 974 314 1027 noni
335 972 399 1028 de
429 973 593 1028 Fideli
624 974 902 1029 Beatorum
938 973 1077 1028 fastis
1107 971 1450 1028 adscribendo
1484 974 1603 1027 De-

194 1068 397 1107 cretum
426 1051 626 1112 emisit,
671 1050 988 1124 indulfitque
1009 1089 1026 1113 ,
1054 1069 1112 1106 ut
1146 1052 1196 1105 in
1228 1050 1474 1106 universo
1504 1054 1603 1104 Or·-

193 1129 315 1183 dine
338 1130 614 1183 Minorum
647 1131 817 1184 Sancti
839 1129 1094 1182 Francisci
1128 1130 1563 1201 Capuccinorum
1586 1164 1603 1189 ‚

195 1207 249 1260 in
268 1206 410 1263 Urbe
439 1205 679 1260 Curienfi
700 1243 716 1266 ,
753 1205 1087 1277 Sigmaringae
1109 1241 1126 1265 ‚
1147 1206 1382 1276 Friburgi
1399 1244 1416 1267 ‚
1447 1224 1603 1279 atque

194 1284 541 1359 Vitchyrchii
574 1284 625 1336 in
645 1289 751 1354 ejus
781 1284 1032 1338 honorem
1052 1280 1311 1338 Officium
1329 1320 1347 1345 ,
1379 1303 1440 1336 ac
1468 1283 1607 1339 Mis-

194 1360 303 1416 sam
338 1361 402 1417 de
438 1362 708 1417 communi
744 1362 898 1416 unius
943 1362 1196 1436 Martyris
1229 1362 1502 1435 quotannis
1524 1382 1610 1415 an-

193 1440 480 1496 niversaria
529 1439 670 1495 illius
722 1442 904 1496 mortis
960 1439 1044 1496 die
1091 1442 1434 1501 recitaretur.
1487 1440 1606 1496 Per-

197 1517 525 1574 crebescente
570 1519 699 1574 vero
743 1515 1085 1593 postmodum
1132 1518 1274 1574 illius
1320 1518 1606 1575 sanctitatis

197 1597 374 1658 fama,
423 1596 699 1652 pontificia
740 1597 1000 1654 sanCtione
1043 1597 1292 1671 permissae
1333 1597 1452 1652 sunt
1485 1616 1608 1671 pro-

195 1675 318 1749 pria:
359 1675 425 1731 de
454 1676 614 1730 Beato
654 1675 818 1730 Fideli
861 1692 1091 1751 martyre
1129 1677 1403 1734 Lectiones
1449 1671 1478 1729 a
1518 1679 1607 1731 Sa-

199 1771 284 1808 cra
329 1754 564 1807 Rituum
598 1754 1055 1825 Congregatione‚
1089 1754 1270 1810 audito
1306 1753 1451 1807 Fidei
1480 1752 1608 1806 Pro-

198 1844 441 1892 motore,
478 1831 775 1904 adprobata:
798 1868 815 1891 ‚
856 1831 1068 1904 ejusque
1110 1851 1301 1885 nomen
1339 1830 1440 1883 una
1479 1847 1602 1883 cum

200 1907 339 1968 illis,
362 1910 497 1981 ·quae
540 1909 592 1961 in
639 1909 886 1964 Romano
917 1909 1302 1990 Martyrologio
1338 1907 1627 1980 leguntur„

199 2002 635 2042 annumeratum.

321 2065 536 2120 Causa
589 2060 783 2120 iterum
845 2062 1156 2140 reassumpta
1194 2104 1211 2128 ‚
1265 2065 1391 2120 novi
1446 2062 1608 2137 paul&

201 2143 318 2216 post
377 2142 633 2198 efformati
690 2141 899 2200 fuerunt
937 2144 1246 2218 Apostolica
1299 2143 1605 2199 auctoritate

202 2219 501 2283 Pioceffus,
544 2238 636 2284 ut,
683 2242 798 2294 quae
836 2222 951 2295 post
988 2221 1194 2276 cultum
1230 2219 1495 2277 indultum
1533 2218 1610 2273 di-

203 2297 454 2369 cebantur
497 2317 729 2375 patrata,
773 2301 1026 2355 miracula
1072 2301 1451 2373 probarentur.
1503 2301 1609 2350 lta-.-

205 2376 319 2447 que
361 2380 474 2450 post
531 2377 842 2454 'perpensam
896 2374 1176 2452 diligenter
1234 2362 1606 2446 admissamque

204 2467 386 2549 eorum
432 2457 803 2542 validitatem,
844 2458 908 2511 ad
953 2457 1355 2530 examinandam
1382 2473 1625 2570 eorudm·

1539 2547 1604 2573 em
